3742 5528
924 353 1137 418 ...46-

402 534 442 599 ab
464 533 528 597 isto
552 531 720 597 distinctus
745 534 808 627 est3
833 528 982 595 tertiam1
1005 529 1139 594 veroin
1155 529 1219 594 alia
1241 529 1389 594 iunctura
1403 529 1530 613 pollicis
1548 529 1664 594 exteri-

401 641 467 723 ori,
482 640 538 706 ubi
558 644 665 706 motus
682 640 779 704 etiam
804 643 853 704 est
868 639 1051 718 distinctus;
1077 642 1223 723 quartam
1239 660 1315 703 vero
1338 638 1372 702 in
1387 638 1586 722 paenultima
1610 660 1665 701 ex-

400 749 513 815 teriori
537 750 648 814 eadem
670 748 805 814 ratione.
852 746 1025 825 Quintam²
1052 769 1137 825 vero,
1163 748 1315 833 quoniam
1338 747 1493 813 maiorem
1516 746 1667 812 conveni-

402 859 541 922 entiam3
570 857 671 924 habet
698 879 769 922 cum
799 856 903 940 prima
936 878 1031 940 quam
1062 857 1134 940 ipsa
1168 860 1293 941 quarta,
1326 857 1368 920 in·
1389 857 1509 922 vertice
1537 854 1664 939 pollicis

399 988 556 1050 ponemus
585 987 781 1045 conversam,
816 965 901 1028 idest
927 964 1154 1048 respicientem
1183 964 1329 1048 primam.
1381 965 1450 1029 Hoc
1476 964 1560 1042 idco,
1591 962 1665 1047 quia

399 1074 457 1138 illa
479 1097 540 1139 vox
568 1078 600 1138 et
623 1074 705 1138 aliae
728 1077 794 1138 tres
818 1077 989 1158 sequentes
1017 1073 1168 1138 eiusdem·
1183 1072 1348 1158 qualitatis
1377 1077 1452 1137 sunt
1478 1083 1666 1156 cumprae-

399 1183 506 1249 missis
530 1186 675 1266 quatuor,
700 1180 823 1246 scilieet
838 1182 1048 1246 diatessaron.
1093 1181 1136 1246 Et
1158 1181 1204 1246 sie
1228 1185 1352 1246 sextam
1374 1203 1486 1247 vocem
1508 1201 1664 1264 ponemus

310 1325 311 1330 κ
399 1292 433 1354 in
457 1291 604 1374 sequenti
620 1291 768 1355 iunctura
789 1289 938 1354 interiori
961 1289 1188 1374 respicientem
1210 1289 1346 1354 inferius
1370 1289 1471 1354 etsie
1495 1289 1592 1352 etiam
1615 1310 1666 1351 se-

303 1442 305 1446 .
398 1399 543 1482 ptimam.
590 1399 632 1463 Et
655 1397 700 1463 sic
723 1402 847 1485 septem
870 1398 1055 1463 differentes
1079 1397 1242 1463 differenti
1264 1398 1360 1463 modo
1383 1400 1553 1481 ponentur.
1599 1395 1664 1460 Sed

400 1510 521 1590 octava,
547 1529 629 1591 quae
652 1506 767 1571 similis
784 1511 833 1571 est
854 1506 986 1590 primae,
1017 1505 1141 1572 acutior
1162 1510 1271 1570 tamen
1294 1506 1328 1570 in
1350 1506 1457 1570 radice
1479 1505 1594 1570 indicis
1616 1503 1665 1568 lo-

399 1616 533 1700 cabitur,
559 1619 591 1680 et
614 1615 767 1699 quoniam
790 1614 911 1699 digitus
933 1615 989 1678 ille
1014 1614 1164 1681 subtilior
1187 1619 1236 1679 est
1251 1613 1377 1698 pollice,
1403 1613 1487 1678 clare
1503 1617 1664 1677 monstra-

399 1728 453 1788 tur
475 1723 628 1788 chordam
644 1722 846 1788 subtiliorem
861 1744 956 1787 voces
979 1723 1112 1787 reddere
1133 1722 1328 1788 subtiliores.
1374 1721 1480 1786 Aliam
1503 1743 1579 1786 vero
1595 1721 1665 1785 dia-

397 1854 500 1915 pason
522 1829 584 1897 hoc
606 1832 702 1896 modo
724 1831 939 1913 disponemus,
964 1835 1000 1894 ut
1021 1817 1171 1896 similiter
1193 1852 1266 1897 cum
1289 1834 1402 1895 octava
1425 1827 1519 1894 huius
1541 1828 1663 1913 primae

398 1941 554 2026 diapason
585 1939 709 2004 scilicet
743 1945 791 2003 tos
823 1961 981 2022 ponamus
1014 1939 1151 2023 primam
1182 1939 1346 2024 sequentis
1376 1938 1499 2003 scilicet
1524 1939 1600 2022 psal
1630 1935 1664 1999 in

397 2049 499 2133 ipsius
521 2048 636 2113 indicis
659 2046 766 2112 radice
796 2052 829 2112 et
850 2049 884 2111 in
907 2048 1047 2112 secunda
1073 2047 1221 2112 iunctura
1243 2048 1275 2130 li,
1303 2047 1337 2111 in
1361 2047 1458 2110 tertia
1482 2051 1544 2129 tur,
1575 2049 1609 2109 at
1629 2045 1663 2108 in

333 2187 336 2190 ·
398 2179 522 2222 summo
544 2178 613 2242 per,
647 2179 666 2220 a
694 2179 757 2240 qua
784 2155 969 2220 summitate
997 2177 1099 2240 usque
1127 2155 1168 2220 ad
1198 2154 1292 2241 digiti
1320 2154 1418 2219 medii
1446 2153 1663 2218 summitatem

398 2266 476 2330 duas
503 2265 605 2330 lineas
627 2263 852 2349 protrahemus
879 2263 998 2347 taliter,
1026 2264 1116 2348 quod
1138 2264 1308 2328 videantur
1334 2263 1384 2326 illi
1414 2264 1476 2328 duo
1500 2261 1594 2347 digiti
1617 2260 1663 2325 al-

395 2374 491 2461 ligati
513 2373 667 2457 superius,
693 2377 726 2438 et
747 2374 782 2436 in
798 2372 982 2437 summitate
1005 2372 1103 2436 medii
1127 2371 1221 2456 digiti
1242 2393 1399 2455 ponemus
1422 2393 1460 2436 oo
1476 2392 1663 2437 conversam

399 2483 511 2547 eadem
526 2483 660 2565 ratione,
687 2504 750 2566 qua
772 2482 816 2545 de
828 2480 892 2545 alia
909 2479 1055 2544 diximus.
1101 2479 1155 2544 Sic
1180 2484 1213 2544 et
1227 2502 1322 2546 voces
1338 2484 1509 2564 sequentes
1525 2501 1661 2562 sequen-

400 2591 487 2655 tibus
509 2590 666 2655 iuncturis
690 2590 882 2673 aptabimus,
911 2589 957 2652 ita
979 2592 1016 2652 ut
1042 2589 1075 2652 in
1098 2587 1206 2652 radice
1232 2588 1333 2672 ipsius
1355 2587 1454 2653 medii
1481 2587 1575 2673 digiti
1601 2608 1662 2652 vox
1686 2600 1689 2604 ’

398 2703 511 2763 octava
535 2698 711 2763 collocetur
734 2703 767 2762 et
793 2699 827 2761 in
848 2697 956 2761 radice
979 2696 1095 2760 medici
1113 2699 1189 2781 psol
1213 2697 1247 2760 in
1270 2697 1406 2761 unisono
1429 2700 1576 2780 ponatur.
1621 2695 1663 2759 Et
1724 2714 1726 2720 ’

397 2806 484 2871 idem
505 2806 562 2871 fiat
584 2807 624 2871 de
647 2805 712 2870 'alia
727 2807 882 2890 diapason
905 2805 1002 2870 tertia
1025 2828 1096 2870 cum
1120 2804 1301 2884 auriculari,
1324 2806 1359 2870 in
1382 2806 1471 2870 cuius
1490 2804 1598 2868 radice
1615 2809 1663 2866 tos

397 2914 496 2980 faciet
517 2916 623 2999 finem,
649 2917 714 2980 non
737 2916 813 2999 quia
834 2915 919 2978 ultra
934 2914 1109 2999 procedere
1132 2915 1172 2978 ad
1196 2915 1354 2978 acutiores
1377 2905 1441 2978 non
1458 2935 1553 2996 posse
1578 2913 1663 2977 dica-

399 3045 470 3089 mus
499 3047 559 3090 nec
587 3025 646 3090 sub
674 3024 877 3111 gravioribus
909 3022 988 3088 alias
1017 3045 1112 3107 posse
1139 3021 1261 3088 remitti
1291 3027 1480 3108 negemus43
1516 3022 1572 3086 sed
1601 3020 1662 3085 hoc

398 3133 541 3217 dicimus,
567 3135 641 3218 quia
663 3131 714 3198 his
737 3134 840 3198 tribus
857 3133 1012 3216 diapason
1035 3131 1113 3196 satis
1138 3134 1187 3196 est
1210 3131 1346 3195 dilatata
1365 3130 1519 3195 doctrina.
1564 3129 1607 3194 Et
1628 3129 1662 3193 in

395 3243 548 3328 gravibus
573 3241 701 3307 chordis
727 3241 815 3306 vocis
840 3244 889 3306 est
911 3241 1033 3323 modus,
1064 3245 1191 3305 utnon
1218 3239 1257 3303 ad
1281 3239 1534 3305 taciturnitatem
1561 3260 1661 3322 usque

394 3351 537 3436 gravitas
561 3351 741 3428 descendat,
773 3350 860 3414 etin
884 3349 985 3413 acutis
1008 3348 1064 3413 ille
1088 3349 1267 3413 custoditur
1290 3347 1445 3412 acuminis
1467 3347 1590 3430 modus,
1621 3343 1661 3410 ne

393 3459 498 3544 nervi,
525 3462 561 3523 ut
584 3459 661 3522 dicit
683 3459 865 3538 Boetius,
896 3458 1031 3521 nimium
1060 3457 1144 3522 tensi
1170 3457 1257 3522 vocis
1281 3457 1439 3522 tenuitate
1462 3459 1659 3540 rumpantur,

394 3568 451 3632 sed
480 3558 585 3631 totum
617 3567 680 3632 sibi
711 3567 753 3630 sit
784 3571 1035 3632 consentaneum
1062 3570 1163 3650 'atque
1194 3566 1398 3630 conveniens.
1452 3565 1570 3629 Totum
1600 3563 1660 3627 hoc

393 3675 494 3761 igItur
516 3659 661 3740 subiecta
682 3675 858 3760 patefaciet
879 3675 983 3761 figura
991 3681 1011 3739 ⁵.

479 3785 571 3848 Hanc
593 3783 693 3869 igitur
719 3784 856 3870 figuram
885 3785 930 3848 sic
954 3783 1142 3868 dispositam
1165 3785 1212 3848 ita
1234 3781 1459 3868 imaginamur,
1488 3786 1524 3846 ut
1551 3780 1661 3866 'pollex

392 3915 451 3976 per
472 3892 614 3957 medium
637 3897 763 3957 secetur
786 3893 877 3978 quasi
901 3893 942 3957 ad
957 3914 1132 3958 concavum
1155 3913 1268 3956 manus
1293 3896 1326 3955 et
1347 3913 1421 3974 pars
1436 3889 1572 3955 interior
1596 3889 1660 3952 eri-

392 4005 488 4087 gatur
517 4001 620 4066 simul.
641 4023 713 4066 cum
739 4001 845 4066 indice
875 4000 1021 4066 emedio
1045 4001 1218 4084 disparato.
1265 3998 1319 4064 Sic
1351 4002 1384 4063 et
1411 3998 1535 4062 medius
1565 4018 1661 4080 super

392 4109 544 4195 ligatura,
568 4132 649 4195 quae
673 4114 826 4195 utrosque
853 4132 912 4194 per
938 4110 1045 4193 capita
1071 4109 1161 4195 ligat,
1187 4108 1338 4193 erigatur.
1384 4106 1466 4190 Fiet,
1496 4110 1533 4170 ut
1554 4127 1659 4187 voces,

393 4240 475 4302 quae
504 4219 622 4283 litteris
651 4219 812 4285 conversis
840 4219 987 4304 signatae
1017 4222 1100 4300 sunt,
1133 4216 1247 4282 erectis
1277 4215 1464 4302 figurentur.
1517 4214 1677 4278 Medicus·

481 4505 490 4542 ¹
509 4502 636 4557 tertium.
858 4475 876 4542 2⁸
893 4501 1003 4570 quinta.

478 4589 490 4628 ³
509 4589 718 4644 convenientia.
858 4592 869 4628 ⁴
887 4606 1034 4660 negamus.

477 4675 542 4730 ⁵Es
561 4675 660 4745 folgen
679 4677 725 4730 die
738 4675 851 4731 Worte:
874 4677 979 4731 >Locus
998 4691 1098 4730 manus
1119 4674 1283 4743 sequentis«
1304 4699 1337 4713 -
1357 4673 1403 4728 ein
1421 4669 1658 4728 Druckvermerk.

720 4755 732 4774 δ
