3734 5572
970 316 1186 379 ...94-

447 489 608 553 discursus
630 487 692 552 hoc
714 488 825 553 modo:
855 489 939 553 sicut
961 488 981 550 2
1004 489 1045 554 ad
1066 488 1097 571 3,
1119 489 1167 555 ita
1189 489 1210 552 4
1233 490 1274 554 ad
1296 487 1316 552 6
1340 494 1373 553 et
1395 489 1415 554 8
1439 488 1480 553 ad
1503 487 1552 571 12,
1582 487 1654 572 quia
1675 487 1716 551 in

446 597 595 663 omnibus
611 596 810 681 sesqualtera
829 597 996 682 proportio
1012 598 1199 664 custoditur.
1247 596 1479 683 Coniungendo
1503 617 1578 660 vero
1597 616 1715 659 nume-

446 727 499 770 ros
521 704 662 770 minores
686 728 704 769 a
726 705 903 770 maioribus
925 711 1092 789 separatos
1115 706 1335 772 concludimus
1358 705 1420 771 hoc
1435 705 1544 770 modo:
1569 724 1645 788 ergo
1667 703 1716 765 si·

448 816 503 877 cut
525 813 555 877 2.
571 812 600 876 3.
618 813 639 876 4
660 813 746 879 inter
761 835 804 889 se,
829 813 876 878 ita
892 813 921 877 6.
940 813 970 878 8.
995 815 1036 878 12
1057 814 1143 880 inter
1166 837 1210 880 se.
1255 814 1298 878 Et
1320 815 1355 878 in
1377 815 1509 878 vocibus
1531 810 1592 876 hoc
1606 814 1713 894 pacto,

447 921 475 985 si
498 921 563 985 sint
585 945 601 984 c
623 923 645 985 d
666 944 681 985 c
699 922 721 1005 s
739 925 771 986 et
790 943 812 1006 p
833 923 863 1003 b,
889 921 1067 1007 arguimur:
1097 924 1181 989 siout
1203 945 1219 987 c
1242 923 1327 1006 ads,
1356 922 1403 987 ita
1425 923 1447 986 d
1469 921 1510 986 ad
1526 942 1555 1004 p,
1580 919 1625 983 sic
1648 922 1713 982 ete

447 1031 487 1094 ad
510 1031 544 1107 b3
568 1029 701 1094 namin
724 1029 872 1095 omnibus
892 1031 1091 1096 diatessaron
1115 1036 1164 1097 est
1186 1031 1406 1097 consonantia.
1454 1028 1639 1096 Coniunctis
1655 1047 1715 1089 au-

447 1142 515 1202 tem
548 1136 661 1221 primis
689 1138 823 1202 vocibus
852 1139 955 1203 tribus
988 1163 1006 1203 a
1036 1139 1256 1223 superioribus
1292 1139 1449 1223 separatis
1479 1134 1711 1203 concludimus:

449 1266 526 1330 ergo
548 1246 632 1309 sicut
650 1266 667 1309 c
683 1246 735 1309 de
757 1246 842 1310 inter
865 1268 908 1326 se,
932 1246 980 1311 ita
1001 1247 1024 1330 f
1037 1269 1058 1331 p
1080 1249 1102 1312 b
1122 1248 1208 1313 inter
1230 1270 1275 1312 se.
1321 1247 1360 1310 In
1383 1247 1531 1312 omnibus
1555 1244 1639 1308 enim
1661 1240 1711 1304 his

447 1356 542 1418 tonus
578 1351 792 1417 differentiam
820 1353 907 1418 facit.
960 1355 1070 1418 Multis
1099 1359 1132 1419 et
1160 1355 1257 1419 variis
1291 1356 1390 1419 etiam
1418 1353 1490 1419 aliis
1520 1351 1623 1417 modis
1649 1350 1712 1412 ista

447 1459 732 1542 proportionalitas
755 1461 907 1544 variatur,
938 1463 977 1526 de
1001 1463 1117 1546 quibus
1147 1463 1244 1547 paulo
1271 1467 1346 1547 post
1372 1462 1457 1527 idest
1478 1460 1639 1526 volumine
1663 1479 1712 1521 se-

448 1568 552 1632 cundo
574 1567 671 1632 latius
696 1568 781 1633 dice·
805 1573 929 1653 (papst)
953 1593 1034 1635 mus.

532 1677 655 1740 Rursus
685 1699 731 1758 ea,
762 1699 843 1760 quae
872 1679 1024 1742 continua
1053 1683 1111 1761 est,
1146 1679 1307 1763 triplicem
1336 1678 1451 1762 recipit
1484 1675 1710 1740 variationem:

448 1786 504 1846 aut
528 1783 614 1846 enim
629 1806 836 1850 numerorum
861 1807 1008 1852 excessus
1025 1786 1247 1852 consideratur
1262 1791 1318 1851 aut
1339 1786 1374 1851 in
1389 1785 1532 1869 utrisque
1548 1781 1713 1867 proportio

383 1915 390 1932 ·
449 1891 645 1973 conspicitur
677 1896 733 1956 aut
762 1915 949 1958 excessuum
979 1899 1011 1959 et
1037 1895 1250 1961 terminorum
1282 1895 1479 1978 comparatio
1510 1894 1711 1974 coaequatur.

448 1997 557 2061 Prima
590 1999 675 2062 enim
706 1999 910 2066 arithmetica
944 2007 1002 2084 est,
1032 2005 1173 2067 secunda
1203 2003 1402 2089 geometrica
1429 2001 1553 2065 dicitur.
1603 1997 1714 2061 Tertia

447 2126 524 2169 vero
555 2106 681 2172 dulcem
711 2129 747 2171 ac
777 2108 1003 2174 delectabilem
1032 2109 1111 2175 facit
1137 2110 1349 2177 harmoniam.
1395 2109 1454 2174 His
1482 2109 1582 2194 igitur
1610 2104 1713 2170 tribus

447 2213 598 2278 discussis
621 2215 695 2280 huic
717 2216 821 2298 primo
843 2217 1059 2300 practicorum
1082 2218 1238 2283 volumini
1259 2218 1357 2283 finem
1379 2221 1590 2302 imponemus.

534 2320 616 2386 Oum
638 2323 738 2409 igitur
760 2347 911 2389 numeros
934 2330 1000 2390 tres
1024 2329 1194 2391 continuos
1218 2333 1274 2391 aut
1297 2327 1425 2412 aequali
1447 2325 1600 2390 distantia
1623 2343 1714 2405 sepa-

447 2432 534 2493 ratos
564 2429 792 2514 invenerimus,
822 2433 1158 2515 proportionalitatem
1187 2434 1424 2499 arithmeticam
1453 2434 1538 2498 inter
1566 2453 1620 2496 eos
1644 2451 1713 2494 esse

448 2537 599 2619 dicemus,
628 2539 719 2603 utin
742 2537 793 2603 his
816 2541 958 2604 numeris
983 2542 1010 2605 1.
1042 2541 1070 2606 2.
1101 2541 1130 2606 3.
1176 2542 1298 2607 Eadem
1323 2543 1408 2606 enim
1432 2541 1621 2626 quantitate,
1651 2561 1713 2622 qua

447 2645 572 2709 medius
595 2646 753 2711 minorem
778 2648 913 2731 excellit,
939 2649 1078 2714 vincitur
1100 2674 1118 2714 a
1140 2651 1264 2732 maiori,
1291 2652 1375 2735 quod
1400 2657 1448 2716 est
1470 2672 1528 2733 per
1546 2648 1710 2712 unitatem.

448 2751 535 2837 Ergo
560 2758 608 2817 est
623 2753 827 2819 arithmetica
849 2757 1026 2839 proportio,
1050 2758 1203 2842 quoniam
1219 2758 1398 2843 aequalitas
1415 2757 1592 2823 attenditur
1608 2775 1714 2820 exces-

448 2881 502 2922 sus
527 2863 559 2924 et
580 2882 644 2924 non
667 2863 920 2946 proportionum.
968 2865 1125 2930 Similiter
1146 2867 1181 2933 in
1203 2867 1254 2932 his
1278 2867 1419 2932 numeris
1436 2866 1464 2930 2.
1482 2867 1511 2929 4.
1529 2865 1549 2928 6
1571 2862 1713 2929 binarius

449 2967 664 3033 differentiam
686 2969 765 3034 facit
789 2977 821 3036 et
843 2972 877 3035 in
899 2973 971 3037 istis
994 2972 1023 3038 3.
1048 2973 1078 3038 6.
1107 2973 1310 3039 clematius
1339 2979 1371 3039 et
1395 2975 1545 3057 deinceps
1569 2971 1713 3036 adhunc

447 3075 602 3141 ordinem.
647 3077 781 3143 Talibus
811 3080 897 3143 enim
918 3080 1064 3166 vestigiis
1086 3080 1310 3147 inhaerentem
1337 3082 1444 3146 nullus
1473 3082 1512 3146 ab
1538 3080 1648 3144 eadem
1672 3076 1714 3140 si·
1844 3127 1845 3164 ,

448 3183 630 3250 militudine
654 3207 742 3250 error
765 3187 911 3252 abducet.
957 3189 1006 3252 Ex
1034 3188 1095 3254 hac
1121 3193 1230 3254 tamen
1257 3190 1432 3254 medietate
1459 3194 1599 3270 notatur,
1631 3185 1714 3272 quod

447 3291 483 3354 in
504 3291 681 3357 minoribus
708 3294 856 3358 terminis
879 3296 1018 3360 maiores
1044 3298 1279 3382 proportiones,
1309 3298 1344 3362 in
1370 3298 1546 3363 maioribus
1573 3296 1712 3361 minores
1844 3265 1845 3340 l

449 3399 706 3483 comparationes
729 3423 862 3468 necesse
887 3407 936 3468 est
957 3404 1105 3487 inveniri,
1129 3409 1165 3470 ut
1186 3405 1221 3470 in
1243 3405 1308 3469 his:
1338 3406 1368 3470 4.
1392 3407 1422 3470 6.
1448 3406 1476 3469 8.
1523 3405 1562 3469 In
1583 3403 1713 3469 minori·
1844 3451 1845 3454 ,

448 3506 508 3570 bus
535 3507 682 3572 terminis
710 3509 917 3593 sesqualtera,
949 3512 983 3575 in
1006 3513 1182 3578 maioribus
1212 3537 1288 3579 vero
1313 3514 1518 3598 sesquitertia
1546 3512 1710 3596 reperitur.

535 3609 739 3677 Geometrica
759 3633 833 3678 vero
851 3615 1016 3698 medietas
1035 3639 1116 3700 quae
1133 3616 1215 3682 hanc
1231 3618 1385 3702 sequitur,
1409 3617 1605 3701 expediatur.
1640 3616 1712 3699 lpsa

449 3717 518 3782 sola
540 3717 592 3782 vel
622 3719 760 3783 maxime
791 3722 1077 3804 proportionalitas
1100 3724 1258 3808 appellari
1287 3730 1405 3809 potest,
1429 3729 1601 3809 propterea
1631 3722 1713 3807 quod

447 3824 488 3890 in¹
505 3825 626 3890 eisdem
653 3827 917 3910 proportionibus
944 3831 1156 3898 terminorum
1182 3833 1235 3897 vel
1263 3833 1298 3897 in
1320 3833 1496 3898 maioribus
1519 3833 1572 3896 vel
1592 3832 1627 3895 in
1655 3829 1713 3894 mi-

448 3931 581 3996 noribus
604 3934 781 4016 speculatio
804 3937 943 4019 ponitur,
971 3937 1091 4022 inqua
1115 3940 1244 4023 quidem
1274 3963 1376 4024 aequa
1400 3962 1527 4025 semper
1548 3937 1710 4023 proportio

450 4040 629 4105 custoditur
651 4063 859 4108 numerorum
882 4039 1071 4128 quantitate¹
1085 4047 1244 4132 neglecta,
1271 4048 1432 4114 contraria
1455 4048 1541 4112 enim
1564 4046 1711 4112 arithme-

447 4147 531 4213 ticae
554 4149 730 4215 medietati.
776 4151 821 4217 Ut
842 4153 877 4216 in
899 4153 949 4216 his
974 4153 1002 4218 1.
1030 4154 1059 4218 2.
1085 4155 1105 4217 4
1127 4155 1180 4218 vel
1202 4155 1237 4220 in
1260 4154 1310 4218 his
1334 4155 1364 4219 6.
1390 4155 1439 4220 12.
1465 4155 1515 4220 24.
1546 4154 1643 4239 dupla
1666 4158 1711 4218 est

447 4259 593 4340 utroque,
618 4257 663 4322 sic
688 4259 775 4324 etin
797 4259 894 4343 tripla
916 4261 1009 4324 utin
1031 4261 1081 4324 his
1106 4262 1133 4324 1.
1158 4260 1187 4326 3.
1213 4261 1233 4325 9
1257 4263 1367 4327 autin
1390 4261 1441 4327 his
1465 4262 1493 4329 2.
1510 4262 1540 4326 6.
1566 4261 1606 4326 18
1628 4261 1710 4326 etin

449 4359 625 4444 quadrupla
658 4366 690 4427 et
717 4361 752 4426 in
775 4363 891 4427 ceteris
915 4363 1072 4430 similiter.
1117 4365 1156 4429 In
1185 4364 1245 4430 hac
1276 4369 1384 4430 autern
1412 4364 1709 4450 proportionalitate

448 4471 579 4532 notatur
605 4469 796 4553 proprietas,
828 4473 914 4556 quod
939 4471 974 4536 in
1000 4472 1177 4537 maioribus
1204 4472 1257 4538 vel
1288 4473 1324 4538 in
1358 4473 1535 4540 minoribus
1568 4473 1709 4540 terminis

450 4595 576 4659 semper
598 4576 749 4660 aequales
773 4583 848 4643 sunt
870 4580 1103 4662 proportiones.
