3734 5572
739 313 953 377 ..69-

212 491 307 551 voces
324 508 397 552 suas
414 487 603 569 coadunare,
627 490 664 551 ut
682 486 709 550 si
731 491 825 551 tenor
847 486 966 570 psallat
988 487 1044 551 db
1059 487 1087 569 d,
1113 507 1268 572 organum
1291 487 1390 552 faciet
1412 487 1483 550 llol

214 600 269 659 aut
291 597 303 659 l
316 597 378 659 orl
404 596 472 660 sive
500 597 607 660 lma.
654 593 707 660 Sic
733 595 768 659 in
796 585 868 660 aliis
895 589 1007 659 modis
1029 595 1189 679 diapente.
1236 593 1329 672 Quod
1356 595 1384 658 si
1413 595 1481 659 dia-

213 709 361 769 tessaron
383 703 563 772 hocmodo
591 704 682 787 dfe,
711 725 868 789 organum
894 705 906 767 l
919 705 938 768 lc
953 705 980 786 lc,
1010 702 1063 768 vel
1090 703 1117 767 si
1145 706 1239 768 tenor
1266 703 1319 786 cs
1328 704 1357 785 d,
1387 723 1481 788 orga-

212 834 289 876 num
312 813 398 876 lolel.

299 918 492 1005 Ugolinus
527 919 719 1004 quibusdam
754 918 901 983 barbaris
936 919 1048 984 metris
1083 918 1213 1005 regulas
1247 919 1356 1002 posuit
1394 940 1481 983 com-

213 1049 326 1092 munes
356 1028 395 1092 de
429 1027 578 1093 omnibus
613 1027 782 1111 speciebus
815 1031 883 1092 tam
917 1027 1118 1112 simplicibus
1152 1049 1248 1111 quam
1282 1026 1479 1111 compositis,

214 1157 353 1220 quarum.
364 1134 490 1218 aliquae
511 1157 623 1199 verum
645 1139 768 1217 tenent,
792 1136 950 1219 quaedam
972 1157 1049 1200 vero
1071 1135 1213 1199 minime.
1253 1134 1318 1200 Sed
1339 1139 1377 1199 ut
1398 1135 1482 1198 veri-

212 1247 263 1307 tas
287 1242 455 1326 elucescat,
478 1242 605 1308 falsitas
629 1247 737 1308 autem
761 1243 930 1308 erubescat
953 1247 985 1307 et
1008 1242 1232 1325 confundatur,
1257 1243 1386 1308 easdem
1407 1243 1481 1306 bre-

213 1350 296 1415 viter
307 1351 360 1415 hic
377 1351 555 1435 explicabO,
571 1351 633 1416 hoc
644 1351 741 1417 modo
754 1350 889 1416 dicendo
901 1350 1024 1435 prim01
1038 1351 1076 1415 de
1092 1351 1229 1416 unisono
1246 1349 1481 1416 ascendendo²z

299 1455 396 1510 Tertia
414 1454 453 1508 sit
471 1454 555 1523 infra,
575 1455 713 1510 unisonus
733 1455 758 1508 si
776 1455 907 1510 tenditur
926 1473 990 1510 una.

300 1541 396 1596 Tertia
414 1541 460 1596 vel
479 1545 583 1609 quarta
601 1541 626 1596 si
644 1540 748 1609 tendit,
766 1540 842 1596 infra
860 1541 997 1610 diapente
1016 1541 1137 1596 tenebit.

299 1626 328 1680 Si
347 1627 478 1696 quintam
496 1627 635 1694 ascendit,
655 1627 794 1698 diapason
813 1630 927 1682 tantum
945 1627 1122 1683 terminabit.

213 1717 361 1784 Secunda
383 1719 496 1805 regula
519 1720 558 1784 de
581 1721 719 1785 unisono
744 1717 982 1784 descendendo:

298 1821 396 1876 Tertia
414 1822 453 1876 sit
472 1839 566 1902 supra,
586 1821 724 1877 unisonus
744 1821 768 1875 si
786 1822 945 1876 remittitur
963 1840 1028 1877 una.

298 1909 342 1962 Ad
361 1908 492 1976 quintam
510 1908 614 1974 tendit,
637 1908 661 1963 si
679 1908 797 1962 tertiam
815 1911 984 1976 quartamve
1002 1907 1135 1962 remittit.

297 1993 436 2049 Octavam
453 1993 539 2063 petit,
558 1994 584 2048 si
603 1994 734 2062 quintam
753 1994 799 2048 vel
818 1995 895 2048 ultra
913 1993 1042 2062 deponit.

298 2079 329 2134 si
347 2081 432 2150 plura
449 2080 616 2150 pertransit,
636 2080 758 2135 rationis
777 2081 846 2134 ordo
865 2079 989 2134 docebit.

211 2170 323 2234 Tertia
344 2171 458 2256 regula
480 2171 530 2256 [de
554 2171 653 2235 tertia
675 2170 902 2256 ascendendol:

299 2272 443 2328 Unisonus
462 2273 521 2341 fiat,
541 2291 628 2329 unam
647 2273 671 2327 si
690 2273 778 2329 tertia
797 2274 906 2328 tendat.

298 2357 328 2413 Si
345 2359 443 2428 plures
463 2361 574 2428 tendat,
594 2360 732 2416 unisonus
750 2360 839 2415 item³
856 2361 914 2414 fiat.

298 2445 395 2502 Tertia
412 2446 544 2514 remittit,
563 2447 588 2501 si
606 2450 651 2502 ter
669 2447 716 2502 vel
734 2450 837 2515 quater
855 2446 994 2501 ascendit.

213 2532 336 2610 Quarta
357 2533 471 2620 regula
494 2534 533 2598 de
556 2533 654 2599 tertia
677 2534 914 2600 descendendo:

297 2636 404 2702 Quinta
422 2639 508 2691 tunc⁴
526 2636 584 2705 fiet,
604 2637 629 2692 si
647 2637 765 2692 tertiam
784 2637 875 2692 solam
892 2636 1017 2693 remittis
1024 2639 1042 2690 ⁵.

298 2722 328 2776 Si
346 2723 443 2792 plures
461 2723 578 2791 fuerint,
598 2740 645 2778 eas
665 2724 768 2792 quinta
786 2723 963 2779 terminabit.

298 2808 328 2863 Si
346 2809 463 2864 tertiam
481 2810 528 2864 vel
547 2813 688 2879 quartam,
708 2813 839 2866 octavam
858 2827 944 2880 super
961 2809 1105 2864 intendas.

232 2962 234 2966 ι
298 2893 405 2959 Quinta
423 2914 510 2966 supra
528 2897 587 2965 fiet,
606 2896 631 2950 si
650 2913 714 2950 cum
734 2900 836 2952 octava
853 2896 999 2966 iungatur.

213 2986 333 3065 Quinta
355 2987 468 3073 regula
491 2988 530 3052 de
554 2988 667 3073 quinta
690 2988 906 3053 ascendendo:

298 3087 406 3154 Quinta
423 3090 537 3158 quaerit
554 3091 679 3158 tertiam,
699 3090 724 3144 si
742 3091 776 3145 fit
794 3107 929 3146 ascensus
949 3089 979 3144 in
998 3107 1093 3144 unam.

298 3175 457 3231 Unisonum
476 3177 564 3245 dicas,
583 3177 609 3232 si
625 3178 743 3232 tertiam
761 3178 807 3232 vel
827 3177 958 3245 quintam
976 3175 1119 3231 intendas.

212 3265 313 3330 Sexta
334 3266 448 3352 regula
470 3267 510 3332 de
534 3269 646 3351 quinta
669 3267 907 3342 descendendo:

297 3368 437 3424 Octavam
455 3368 558 3437 quinta
575 3371 664 3440 petit;
684 3371 708 3425 si
727 3371 817 3426 solam
836 3389 923 3425 unam
942 3370 1101 3439 descendit,

298 3454 362 3509 Erit
380 3457 493 3523 octava3
513 3459 603 3525 sexta,
623 3457 648 3511 si
667 3457 752 3512 alteri
771 3457 810 3512 sit
828 3457 947 3513 sociata.

297 3540 366 3595 Post
384 3541 516 3609 quintam
535 3545 639 3598 octava
656 3542 714 3610 fiet,
734 3544 759 3597 si
777 3545 895 3598 tertiam
912 3544 988 3598 infra
1006 3543 1145 3598 remittet.

297 3626 327 3681 si
346 3631 478 3696 quartam
496 3629 543 3683 vel
562 3628 702 3697 quintam,
722 3628 863 3684 decimam
881 3629 1033 3684 intendere
1053 3629 1138 3684 sinat.

212 3717 358 3802 Septima
380 3717 493 3804 regula
516 3720 555 3784 de
578 3724 670 3785 sexta
692 3721 928 3786 ascendendossz

299 3820 386 3876 Sexta
404 3823 520 3876 tertiam
539 3822 628 3893 cupit,
648 3821 673 3878 si
691 3841 778 3892 supra
795 3825 894 3895 notam
912 3823 1048 3878 intendit.

213 3909 335 3976 Octava
356 3913 470 3999 regola
492 3914 531 3978 de
555 3918 646 3979 sexta
669 3915 925 3980 descendendo⁷z

299 4014 387 4070 Sexta
404 4017 468 4070 vult
486 4020 625 4085 octavam,
643 4016 720 4072 infra
738 4018 763 4072 si
781 4017 878 4072 tendit
895 4019 932 4072 ad
951 4035 1048 4085 unam;

298 4103 335 4157 Et
352 4104 450 4173 plures
469 4105 549 4174 fiant,
568 4105 594 4160 si
612 4105 788 4161 antecedunt
807 4109 946 4162 octavam.

298 4189 370 4244 Vult
389 4191 546 4246 decimam⁸
564 4196 648 4249 sexta
666 4193 753 4248 tertia
771 4193 922 4249 remittens
942 4197 972 4248 et
990 4193 1074 4249 infra.

300 4435 310 4470 ¹
327 4431 415 4501 prius.
639 4437 651 4473 2
669 4436 845 4491 ascendenti.

297 4521 309 4558 ³
329 4518 455 4572 tandem.
645 4523 657 4559 ⁴
673 4524 726 4575 ter.
882 4525 894 4562 ⁵
911 4523 1043 4579 remittit.

297 4605 509 4660 6ascendente.
667 4610 677 4644 ⁷
696 4608 898 4664 descendente.
1053 4613 1064 4650 ⁸
1084 4610 1201 4667 decima.
