3750 5528
712 314 928 377 ..79-

187 485 305 550 rectius
334 486 452 572 duplex
483 486 581 571 longa
608 485 810 551 dicebatur*.
861 487 931 551 Hoc
960 488 1045 551 enim
1073 487 1189 553 accidit
1217 489 1251 553 in
1281 494 1455 575 augmento

188 592 251 676 ipsi
280 593 380 657 brevi.
428 592 522 670 Quod
550 593 578 658 si
605 595 646 660 ab
674 593 793 680 angulo
820 594 854 658 in
882 595 1035 680 angulum
1068 600 1194 660 secetur
1224 596 1456 661 diametraliter

187 699 250 764 hoc
272 705 368 784 pacto
396 719 434 783 u,
459 702 540 766 duae
559 701 756 766 semibreves
780 702 971 785 efficiuntur,
996 725 1077 788 quae
1101 704 1141 769 ab
1158 703 1299 788 antiquis
1314 704 1456 769 minores

188 807 390 891 dicebantur,
421 809 467 875 sic
497 821 522 872 o
542 822 586 874 o.
637 809 757 874 Verum
785 811 813 874 si
842 811 1031 876 semibrevis
1059 813 1093 874 in
1121 833 1246 875 sursum
1273 816 1329 876 aut
1360 813 1455 876 deor-

187 980 258 1022 sum
280 958 431 1025 habuerit
452 965 591 1025 tractum
614 962 660 1025 sic
684 923 763 1071 dp,
793 961 931 1027 efficitur
958 961 1100 1026 minima.
1152 961 1245 1040 Quod
1272 962 1299 1026 si
1321 963 1455 1026 minima

186 1117 285 1182 fuerit
313 1120 482 1204 denigrata
510 1083 594 1227 lp,
623 1121 852 1203 semiminima3
881 1144 976 1206 quae,
1012 1121 1040 1185 si
1067 1122 1108 1185 ad
1135 1125 1231 1204 caput
1261 1122 1304 1186 sit
1332 1126 1454 1187 retorta

189 1254 265 1442 i„
290 1327 402 1370 cursea
422 1307 489 1370 sive
506 1311 635 1371 oursuta
651 1311 706 1371 aut
726 1328 847 1388 crocea,
873 1329 964 1392 quae,
989 1307 1016 1372 si
1034 1307 1089 1372 fiat
1104 1308 1149 1373 sio
1173 1258 1257 1448 iit,
1281 1308 1451 1389 minarea¹‚

188 1517 278 1578 quae,
306 1496 333 1559 si
355 1495 418 1589 hoc
440 1498 536 1562 modo
563 1447 608 1630 ἐ,
638 1496 731 1562 fusce
760 1501 809 1561 est
838 1496 1009 1580 appellata.
1060 1497 1103 1561 Et
1128 1498 1192 1562 isto
1218 1499 1315 1563 modo
1342 1518 1454 1562 omnes

187 1650 318 1715 notulae
352 1655 616 1736 cognoscunturl,
650 1674 762 1716 verum
796 1651 1001 1734 semibrevis,
1038 1652 1145 1717 brevis
1180 1657 1212 1716 et
1248 1653 1347 1740 longa
1382 1651 1454 1717 aliis

187 1759 301 1823 modia.
340 1759 498 1824 Dabimus
520 1760 621 1846 igitur
635 1761 767 1825 modum
788 1759 920 1845 longam
944 1765 977 1824 et
999 1760 1213 1824 semibrevem
1229 1760 1452 1846 cognoscendi,

188 1871 220 1931 et
236 1867 282 1931 sic
297 1867 404 1932 brevis
428 1872 650 1954 cognoscetur,
676 1890 757 1952 quae
781 1867 915 1932 diversis
940 1873 973 1932 et
995 1869 1093 1932 variis
1115 1868 1219 1932 modis
1241 1868 1398 1954 figuratur
1419 1869 1453 1932 iu

185 1975 343 2060 ligaturis.

275 2085 431 2169 Ligatura
454 2086 587 2148 duarum
609 2083 789 2167 pluriumve
816 2087 966 2148 notarum
988 2082 1111 2148 habens
1139 2084 1276 2167 primam
1306 2085 1454 2149 altiorem

187 2195 361 2274 sequente³
384 2214 418 2256 se
442 2195 604 2255 carentem
627 2195 751 2255 tractu⁴
775 2213 814 2254 ex
836 2195 927 2273 parte
944 2192 1076 2255 sinistra
1092 2213 1217 2254 sursum
1233 2195 1288 2255 aut
1304 2193 1453 2255 deorsum

187 2298 286 2384 longa
315 2300 438 2364 dicitur.
486 2299 550 2364 Sed
578 2299 605 2362 si
638 2298 745 2382 aliqua
773 2299 908 2361 istarum
937 2298 1076 2362 defuerit
1099 2287 1327 2377 conditionum,
1355 2298 1454 2384 longa

185 2407 344 2471 nouerit.
390 2405 509 2471 Verum
533 2407 559 2470 si
588 2407 745 2490 quadrata
772 2426 837 2470 non
864 2405 975 2487 fuerit,
1005 2405 1072 2470 sive
1100 2406 1196 2471 altior
1223 2407 1290 2470 sive
1319 2405 1454 2470 inferior

186 2513 286 2578 fuerit
301 2536 413 2578 careus
428 2518 534 2578 tractu
550 2514 666 2598 aliquo,
685 2535 812 2597 semper
829 2518 877 2578 est
892 2513 998 2598 longa.
1032 2513 1155 2578 Ultima
1170 2535 1255 2596 vero,
1272 2514 1452 2578 contrarias

186 2623 213 2686 si
236 2621 387 2686 habuerit
409 2622 620 2705 conditiones,
643 2622 742 2707 longe
764 2621 897 2686 dicetur.

684 2760 765 2813 lll
912 2760 993 2812 ll

929 2877 1063 2922 ur·—

1065 2933 1150 2961 p...-

1198 2761 1210 2798 5

184 3063 339 3148 Ligatura
366 3086 442 3127 vero
468 3065 601 3127 duarum
623 3063 803 3146 pluriumve
825 3063 1010 3127 notularum
1038 3062 1072 3126 in
1097 3062 1160 3126 arsi
1184 3067 1239 3126 aut
1261 3061 1346 3126 thesi
1375 3085 1454 3146 qua-

186 3171 349 3236 dratarum
372 3171 439 3235 sive
466 3193 539 3252 non,
570 3175 625 3235 aut
653 3171 776 3255 primae
807 3170 982 3253 quadratae
1012 3176 1044 3235 et
1070 3170 1207 3235 aliarum
1229 3192 1303 3252 non,
1327 3169 1451 3234 habens

185 3283 323 3343 tractum
359 3278 534 3343 ascendens
569 3301 607 3342 ex
640 3284 731 3362 parte
763 3277 906 3359 sinistra,
943 3278 1023 3342 duae
1058 3300 1184 3361 semper
1216 3278 1354 3360 primae,
1391 3278 1452 3341 etsi

185 3385 305 3451 fuerint
328 3387 426 3466 solae,
451 3387 646 3451 semibreves
674 3387 829 3451 dicuntur.

274 3629 428 3684 1minaria.

271 3716 352 3770 ²Die
370 3715 460 3770 Stella
479 3733 535 3771 von
556 3732 692 3782 »quarum
710 3715 839 3785 cognitio
857 3746 891 3754 -
909 3731 1006 3770 omnes
1028 3713 1146 3768 notulae
1165 3717 1393 3783 cognoscuntur‹
1413 3713 1453 3767 ist

186 3802 282 3856 citiert
299 3802 348 3857 bei
366 3803 525 3872 Spatam,
544 3819 568 3857 a.
582 3819 606 3856 a.
621 3800 660 3867 0,
681 3818 741 3871 cap.
754 3803 778 3855 5.
815 3801 867 3855 Die
880 3800 1036 3856 fehlenden
1049 3799 1172 3854 Zeichen
1190 3800 1256 3854 sind
1270 3799 1344 3854 nach
1358 3799 1453 3854 dieser

185 3887 273 3942 Stelle
292 3888 491 3958 hinzugefitgt.
533 3889 572 3942 Zu
590 3893 822 3954 corcodomum
840 3888 898 3941 und
917 3905 1009 3941 erocw
1030 3886 1195 3955 vergleiche
1219 3904 1285 3940 man
1309 3885 1355 3940 die
1379 3887 1452 3939 Aus-

185 3974 293 4028 driicke
311 3993 424 4029 crerrercs
447 3975 495 4030 bei
514 3977 710 4043 Anonymus
728 3974 770 4028 IV
792 3975 851 4028 und
874 3973 988 4028 Walter
1006 3973 1153 4042 Odington
1178 3971 1450 4039 (Coussemalrer,

185 4059 345 4128 Scriptores
358 4063 381 4122 I)
401 4062 460 4115 und
477 4063 602 4116 machaia
619 4061 668 4116 bei
686 4061 907 4129 Anonymusl
927 4059 1195 4126 (Coussemaker‚
1215 4058 1375 4128 Scriptores
1388 4059 1450 4125 ΙΙΙ).

184 4145 325 4201 Burtius
345 4147 469 4212 (Florum
486 4149 589 4202 libellus
606 4149 697 4216 111,1)
720 4147 880 4216 gebraucht
899 4147 955 4200 den
973 4145 1124 4200 Ausdruck
1141 4164 1243 4200 cursen.

271 4234 282 4271 ³
301 4233 459 4301 sequentis.
615 4236 628 4273 ⁴
646 4237 778 4289 tractum.

271 4321 282 4357 ⁵
300 4319 426 4388 Beispiel
445 4319 519 4374 fehlt
536 4321 566 4374 in
587 4321 643 4375 den
660 4321 813 4390 Vorlagen.

271 4407 365 4459 *Imo
390 4406 498 4460 rectius
524 4406 649 4462 maxima
675 4424 761 4475 quam
784 4406 889 4476 duplex
918 4407 1006 4476 longa
1029 4405 1143 4472 dicitur,
1173 4422 1245 4471 cum,
1274 4404 1451 4474 perfectione

184 4491 295 4546 moduli
313 4494 488 4561 computate,
506 4496 565 4547 tres
578 4493 679 4563 longas
692 4492 840 4563 possidere
853 4491 1008 4547 iudicetur.
1037 4494 1061 4545 A
1074 4491 1219 4547 nonnullis
1232 4492 1303 4544 item
1316 4489 1453 4557 antiquo-

184 4611 246 4648 rum
263 4594 303 4648 sic
317 4595 495 4665 figurabatur
510 4577 614 4684 ἦῆ
