3742 5528
698 320 891 384 ..9-

165 497 273 558 scetur
299 491 530 578 intelligentia;
565 493 622 556 sed
651 492 921 576 quemadmodum
954 493 1024 556 toni
1055 491 1142 556 inter
1175 514 1209 557 se
1244 515 1323 558 sono
1358 498 1433 557 sunt

166 599 334 684 aequales,
379 599 426 665 ita
466 600 726 683 intercapedines
763 621 919 684 ponemus
959 599 1119 685 aequales,
1181 599 1432 666 semitoniorum

165 729 241 772 vero
269 708 450 772 minuemus
478 707 663 791 intervalla,
692 713 728 772 ut
754 707 925 772 manifeste
956 711 1082 772 constet
1110 710 1188 774 tono
1222 709 1328 772 minus
1363 731 1432 773 erse

166 814 381 880 semitonium.
435 813 552 881 Omnia
587 819 696 880 autem
730 815 896 899 praedicta
930 815 1075 880 subiecta
1109 814 1212 902 figura
1248 815 1432 898 patefaciet.

167 925 237 1004 (pag.
262 939 277 991 8
300 939 386 1001 figura
410 939 440 1002 23
471 952 531 1003 pag.
554 927 579 1006 9)
614 923 754 988 Videsne
789 923 1033 1006 dispositionem
1063 922 1194 1009 figurae,
1229 923 1285 988 ubi
1318 945 1435 1009 graeca

169 1029 360 1095 chordarum
391 1031 523 1096 nomina
552 1035 584 1095 et
610 1030 728 1096 latinas
763 1030 890 1096 litteras
922 1031 1168 1115 impressimus?
1214 1029 1306 1095 Licet
1335 1030 1436 1116 igitur

167 1143 237 1204 tota
268 1138 410 1203 musicae
445 1139 627 1204 differentia
657 1139 753 1203 unica
788 1139 942 1223 diapason
976 1139 1174 1219 continetur,
1214 1139 1292 1203 duas
1325 1142 1435 1204 tamen

166 1247 341 1330 posuimus,
377 1269 455 1332 quas
489 1246 642 1311 dicimus¹
676 1246 899 1330 bisdiapason,
935 1251 971 1310 ut
1003 1246 1135 1311 Boetii
1169 1268 1205 1311 ac
1239 1246 1435 1313 Graecorum

169 1356 348 1421 doctrinam
376 1355 590 1437 imitaremur,
622 1355 822 1419 enchiridion
849 1376 926 1420 vero
955 1354 1160 1438 disdiapason
1190 1355 1341 1439 appellat.
1387 1356 1436 1418 Ex

167 1462 218 1528 his
252 1462 477 1527 manifestatur
509 1462 639 1527 illorum
674 1483 774 1544 error,
811 1461 866 1546 qui
897 1462 982 1527 male
1013 1463 1182 1529 ordiuntur
1214 1501 1251 1510 -
1282 1462 1437 1527 inchoant

169 1592 308 1654 namque
331 1571 389 1635 sic:
414 1569 539 1655 Viginti
563 1575 637 1635 sunt
659 1569 802 1635 litterae:
831 1570 853 1634 F
860 1573 872 1615 ²
895 1569 924 1634 A
946 1571 973 1636 Β
997 1569 1022 1636 G
1045 1569 1074 1634 D
1098 1570 1174 1634 EF
1198 1570 1227 1636 G
1250 1595 1268 1634 a
1291 1571 1312 1635 b
1335 1592 1352 1635 c
1376 1571 1396 1634 d
1420 1593 1438 1634 e

168 1729 227 1816 fg
249 1690 268 1794 d
290 1679 311 1794 li
335 1689 352 1794 d
376 1677 395 1793 d
419 1680 513 1808 dl,
549 1730 701 1814 quoniam
727 1752 793 1794 non
821 1730 937 1816 viginti
966 1731 1023 1794 sed
1051 1734 1174 1813 septem
1204 1734 1331 1794 tantum
1362 1734 1437 1794 sunt

170 1841 324 1922 diversae,
348 1842 423 1922 post
446 1860 525 1922 quas
540 1860 606 1902 non
626 1837 720 1922 aliae,
744 1839 801 1902 sed
818 1839 950 1902 eaedem
966 1837 1059 1922 quasi
1080 1839 1198 1902 iterum
1213 1841 1435 1903 renascuntur.

170 1946 234 2012 Sed
257 1945 292 2010 hi
316 1969 335 2010 a
356 1946 510 2013 litteral}
532 1945 693 2030 incipiunt
707 1945 886 2032 finiantque
909 1946 943 2010 in
966 1947 1064 2011 tertia
1080 1968 1106 2028 e,
1132 1947 1284 2030 quoniam
1299 1947 1436 2030 primam

170 2056 219 2119 sui
235 2055 375 2120 nominis
398 2053 541 2118 litteram
565 2053 638 2119 Gre
644 2053 792 2139 goriam
807 2076 928 2137 ponere
943 2053 1084 2118 voluisse
1099 2052 1288 2117 fabulantur
1303 2076 1437 2139 eamque

169 2185 285 2250 graeca
309 2161 526 2249 appellatione
544 2161 567 2224 Γ
584 2161 778 2244 nominasse,
805 2161 956 2245 quoniam
979 2185 998 2226 a
1021 2159 1154 2227 Graecis
1177 2161 1318 2225 musicae
1342 2162 1439 2226 docu-

169 2274 279 2335 menta
301 2269 420 2334 tradita
448 2274 531 2334 sunt.
578 2268 643 2334 Sed
667 2269 728 2334 etsi
750 2268 812 2334 hoc
835 2269 900 2333 illis
929 2269 973 2334 sit
994 2269 1195 2353 permissum,
1224 2269 1258 2333 in
1282 2269 1438 2334 divisione

169 2382 279 2442 tamen
303 2400 322 2441 a
344 2378 480 2442 veritate
503 2378 641 2442 maxime
665 2378 825 2456 aberrant,
851 2399 924 2441 cum
944 2382 1016 2441 octo
1039 2399 1163 2462 graves,
1188 2382 1313 2462 septem
1329 2380 1439 2442 acutas

174 2490 206 2550 et
222 2490 430 2570 superacutas
447 2487 586 2570 quinque
603 2485 727 2566 dicant;
755 2508 831 2549 nam
854 2488 1001 2550 octavam
1022 2484 1166 2549 l‘tteram
1194 2491 1226 2550 et
1247 2487 1384 2569 primam
1405 2485 1440 2548 in

173 2594 319 2658 acumine
341 2597 469 2658 tantum
493 2599 526 2658 et
548 2588 728 2679 gravitate4
751 2593 879 2658 differre
902 2596 1117 2657 monstratum
1142 2597 1198 2657 est.

259 2700 323 2766 Sed
346 2701 481 2766 ulterius
504 2701 639 2766 Boetii
663 2702 865 2784 auctoritate,
890 2705 926 2765 ut
948 2700 1047 2783 aiunt,
1072 2699 1198 2764 munire
1222 2722 1256 2764 se
1271 2705 1436 2765 conantur.

172 2809 293 2876 Dicunt
320 2831 458 2893 namque
486 2810 624 2893 primam
652 2813 817 2873 acutarum
846 2831 970 2886 mesen,
1000 2830 1082 2892 quae
1113 2809 1205 2872 esth
1229 2813 1261 2872 et
1289 2809 1398 2872 littera
1420 2829 1441 2871 o

173 2917 321 2982 secunda.
373 2917 547 3002 Colligitur
575 2937 652 3002 ergo
680 2916 766 2980 inter
791 2938 906 3001 graves
934 2916 975 2980 ab
1002 2915 1082 2999 ipsis
1097 2915 1140 2979 ‘G
1162 2915 1322 2980 collocari.
1369 2915 1447 2979 Etsi·

173 3047 192 3088 a
206 3023 323 3089 Boetio
340 3025 465 3089 dicatur
485 3024 513 3088 Θ
528 3025 614 3088 inter
628 3044 753 3109 graves,
779 3047 798 3087 a
814 3021 972 3109 Gregorio
987 3045 1053 3089 non
1068 3024 1152 3088 bene
1173 3023 1291 3088 dictum
1307 3028 1441 3107 propter

177 3133 375 3198 additionem
407 3131 536 3196 litterae
572 3131 604 3202 Γ,
641 3130 792 3217 quoniam
830 3132 1097 3216 quemadmodum
1128 3152 1149 3195 a
1178 3130 1316 3214 primum
1352 3131 1392 3195 ad
1421 3132 1441 3194 b

174 3240 226 3305 vel
250 3241 290 3304 ad
312 3263 333 3305 o
356 3241 545 3322 secundum,
572 3241 620 3304 ita
647 3239 734 3303 Pad
762 3239 848 3304 Gse
876 3238 984 3303 habet.
1032 3239 1096 3305 Sed
1118 3241 1140 3303 le
1164 3242 1202 3322 (a)
1227 3239 1267 3303 ab
1290 3260 1311 3303 a
1337 3238 1440 3322 primo

175 3349 210 3412 in
225 3348 371 3413 acumine
387 3353 513 3412 tantum
529 3347 646 3431 differt,
672 3369 748 3430 ergo
771 3352 803 3412 et
823 3347 972 3411 carin
994 3347 1140 3411 acumine
1163 3351 1288 3411 tantum
1305 3347 1441 3411 differet.

176 3454 271 3520 Datis
288 3478 364 3542 ergo
380 3455 498 3542 viginti
519 3455 638 3520 litteris
661 3457 707 3520 sic
723 3455 838 3520 divisio
860 3455 930 3518 fieri
954 3455 1095 3538 deberet,
1120 3459 1157 3518 ut
1177 3459 1301 3538 septem
1315 3476 1439 3540 graves,

177 3568 301 3648 septem
335 3568 449 3628 acutae
484 3569 516 3628 et
550 3586 606 3628 sex
639 3563 754 3628 fierent
787 3567 1007 3647 superacutae.
1066 3561 1131 3627 Sed
1158 3584 1218 3627 nec
1250 3561 1441 3648 Gregorio

175 3671 297 3755 placuit
339 3671 469 3736 litterae
508 3671 644 3754 additio,
690 3671 843 3756 quoniam
883 3670 1065 3756 quindecim
1103 3674 1229 3734 tantum
1265 3692 1341 3734 usus
1383 3674 1441 3740 est.

175 3779 392 3845 Tinctoris5
418 3801 495 3844 vero
527 3780 567 3844 ab
594 3777 655 3842 hac
684 3780 810 3843 ratione
842 3778 966 3842 alienus
994 3777 1133 3862 primum
1162 3777 1285 3842 scilicet
1313 3777 1336 3840 Γ
1365 3777 1442 3842 dicit
1467 3781 1473 3788 '

176 3887 415 3971 gravissimum3
446 3887 621 3952 secundum
652 3891 701 3950 est
722 3908 830 3971 grave,
860 3885 993 3950 tertium
1017 3890 1155 3950 acutum.
1206 3885 1325 3950 Verum
1357 3886 1443 3949 unde

176 3993 229 4058 hic
265 4016 353 4059 error
386 3999 534 4061 cantores
562 3994 731 4076 invaserit,
769 3993 866 4077 paulo
898 3997 973 4077 post
1006 3994 1220 4059 ostendemus.
1276 3993 1368 4057 Nunc
1404 3993 1443 4057 ad

177 4101 314 4166 aliorum
337 4103 515 4168 doctrinam
539 4102 764 4168 declarandam
787 4102 986 4166 accedamus.

264 4249 372 4302 ²dicit.

264 4334 275 4371 2
293 4333 350 4386 Fr'ir
367 4335 387 4386 Γ
406 4333 445 4387 ist
462 4334 553 4388 Raum
572 4334 612 4388 im
630 4335 727 4390 Druck
745 4333 935 4404 freigelassen
955 4373 960 4386 .
1153 4393 1156 4400 ,

263 4421 275 4460 ³
292 4417 345 4472 Die
363 4419 471 4474 letzten
488 4419 556 4474 fflnf
571 4421 755 4476 Buchstaben
774 4420 872 4475 finden
890 4418 953 4474 sich
970 4436 1025 4472 nur
1043 4417 1154 4473 einzeln
1173 4420 1291 4488 gesetzt.

263 4508 274 4544 ⁴
292 4504 473 4574 gravitatem.

263 4591 444 4646 ⁵Tractatus
464 4591 498 4646 de
517 4591 628 4648 musica
646 4610 706 4664 cap.
720 4595 747 4649 11
767 4591 1035 4661 (Ooussemaker,
1055 4590 1214 4661 Scriptores
1233 4590 1279 4659 IV,
1298 4592 1358 4658 4a).

1211 4214 1444 4223 ——-——-—-—
