3734 5572
683 359 901 424 ..65-

246 535 339 600 Nunc
356 537 473 616 autern,
500 534 652 617 quoniam
668 555 764 618 super
779 533 890 597 datum
905 536 1036 597 cantum
1059 534 1248 618 organizare
1272 555 1429 617 curamus,

160 645 314 729 quasdam
336 641 467 728 regulas
490 641 605 706 breves
630 642 835 725 antiquorum
857 639 946 724 prius
969 641 1158 722 inseremus,
1184 662 1319 725 quarum

204 769 238 832 1³
261 772 334 832 este
354 752 577 831 Inohcandum
609 771 641 830 et
666 765 842 830 finiendum
872 770 921 830 est
947 766 981 829 in
1009 767 1115 849 specie
1144 765 1289 850 perfecta
1316 766 1432 830 autin

270 875 417 940 unisono.

204 985 238 1046 2²
260 983 335 1048 Non
362 1005 460 1047 unam
487 986 561 1066 post
585 981 682 1046 aliam
705 981 844 1044 similem
867 979 974 1046 fecere
997 1003 1057 1045 nec
1080 980 1252 1045 unisonum
1273 980 1358 1048 licet.

203 1091 238 1156 3a
260 1091 474 1176 Imperfectae
504 1091 585 1155 duae
615 1093 670 1154 aut
692 1088 801 1172 plures
824 1072 922 1152 unam
944 1093 1019 1172 post
1048 1089 1145 1153 aliam
1171 1093 1328 1173 possunt¹
1351 1089 1429 1153 dari.
1478 1075 1479 1078 ¹

204 1201 238 1264 la
261 1199 297 1264 Si
326 1203 438 1263 cantus
475 1199 681 1263 continuetur
712 1197 749 1261 in
782 1197 896 1261 eodem
929 1219 1008 1261 sono
1042 1219 1101 1280 per
1134 1198 1213 1261 duas
1246 1219 1342 1262 voces
1377 1202 1433 1262 aut

272 1308 390 1391 plures,
415 1325 573 1392 organum
588 1305 623 1368 in
642 1305 755 1370 eodem
778 1326 857 1369 sono
880 1327 945 1370 non
969 1305 1122 1389 quiescat,
1147 1306 1203 1369 sed
1225 1326 1284 1388 per
1306 1304 1432 1370 diversa

273 1415 346 1480 loca
368 1417 518 1478 mutetur.

204 1522 239 1587 5³
271 1522 398 1608 regula:
445 1519 545 1585 Sexta
567 1521 671 1584 maior
693 1517 861 1606 coniungit
884 1519 924 1583 ad
947 1524 1103 1602 octavam,
1134 1519 1240 1583 minor
1266 1541 1344 1584 ¹vero
1369 1520 1433 1583 dis-

176 1693 179 1698 .
271 1629 379 1716 iungit
395 1629 435 1694 ad
452 1629 607 1713 quintam.
647 1628 701 1694 Sic
725 1631 757 1692 et
778 1627 877 1692 tertia
898 1627 1002 1691 maior
1025 1628 1065 1691 ad
1089 1627 1234 1711 quintam
1258 1627 1431 1713 disgregat,
1529 1685 1531 1694 ,

273 1739 510 1802 minorantem
534 1737 574 1799 ad
597 1735 768 1808 unisonum
792 1736 929 1800 adducit.

204 1842 238 1907 6³
261 1841 297 1906 Si
319 1845 413 1906 tenor
436 1839 590 1921 ascendit,
616 1842 866 1922 contrapunctus
890 1839 1083 1904 descendere
1106 1844 1265 1923 procuret.

247 1966 356 2031 Prima
380 1965 466 2030 enim
488 1963 601 2050 regula
629 1963 674 2026 sic
702 1962 895 2027 declaratur:
926 1962 1006 2028 Oum
1035 1963 1206 2046 incipimus
1234 1963 1432 2048 organizare,

162 2095 318 2160 ponamus
341 2094 454 2138 vocem
474 2072 510 2136 in
535 2073 647 2156 quinta
670 2071 722 2134 vel
743 2069 778 2134 in
802 2074 916 2134 octava
939 2069 1051 2134 autin
1074 2071 1182 2154 aliqua
1205 2070 1268 2134 alia
1292 2071 1332 2136 ab
1362 2070 1433 2134 istis

162 2181 341 2266 composita
364 2180 540 2244 seeundum
562 2179 650 2244 vocis
673 2177 937 2244 commoditatem
971 2183 1003 2242 et
1032 2178 1130 2242 etiam
1156 2179 1192 2243 in
1219 2178 1370 2257 unison03
1403 2183 1435 2242 et

163 2313 235 2355 cum
261 2288 404 2370 finimus,
440 2286 503 2352 hoc
529 2287 616 2352 idem
643 2285 836 2350 faciendum.
888 2285 957 2350 Hoc
985 2290 1093 2350 autem
1125 2289 1174 2350 est
1202 2291 1335 2371 propter
1361 2285 1432 2368 hoc,

164 2397 239 2482 quia
262 2396 344 2461 aliae
368 2394 599 2461 consonantiae
622 2416 688 2460 non
711 2399 785 2462 sunt
807 2391 916 2458 tantae
944 2393 1162 2477 perfectionis,
1192 2398 1331 2479 quantae
1360 2397 1435 2458 sunt

161 2505 253 2569 istae.
300 2501 378 2568 Ideo
401 2502 435 2566 in
457 2501 616 2586 principio
640 2501 808 2567 meliorem
831 2501 938 2566 facere
963 2505 995 2566 et
1021 2502 1055 2565 in
1081 2500 1145 2566 fine
1176 2502 1366 2584 debemus*,
1400 2502 1435 2568 in

164 2611 270 2677 medio
293 2629 370 2674 vero
393 2608 649 2692 imperfectiores
671 2609 864 2674 interserere
887 2609 1013 2674 licitum
1038 2614 1095 2674 est.

249 2718 398 2784 Secunda
413 2717 526 2802 regula
541 2717 735 2803 intelligitur
758 2718 818 2782 sic:
842 2718 917 2782 Non
940 2718 1094 2783 debemus
1118 2718 1203 2802 dare,
1227 2718 1289 2783 hoc
1313 2723 1362 2784 est
1384 2719 1434 2784 bis

163 2826 306 2910 perfecte
338 2847 514 2890 consonare
542 2847 615 2889 cum
643 2830 756 2889 tenore
785 2826 978 2891 ascendente
1005 2827 1058 2892 vel
1090 2826 1305 2891 descendente
1337 2826 1435 2891 simili

164 2934 271 3020 specie
294 2933 447 3018 perfecta,
479 2933 631 3018 quoniam
659 2937 737 2997 tunc
762 2920 853 2997 idern
882 2955 1051 3018 processus
1079 2933 1250 2999 videretur.
1297 2934 1380 2998 Nam
1408 2935 1435 2998 si
1463 2973 1464 2976 =

164 3047 259 3108 tenor
281 3044 333 3107 dc
357 3047 389 3106 11
412 3063 569 3127 organum
592 3043 635 3106 11
657 3043 691 3106 in
715 3045 837 3124 octava,
870 3042 981 3105 eadem
1004 3063 1066 3106 vox
1088 3041 1252 3107 videretur
1275 3063 1359 3120 esse,
1389 3042 1435 3106 sic

165 3156 198 3216 et
227 3152 266 3216 de
297 3150 443 3215 unisono.
495 3150 604 3214 Etiam
635 3149 662 3214 si
691 3150 815 3214 dicatur
840 3151 861 3214 1
874 3172 907 3233 p,
941 3149 1132 3232 prohibetur
1160 3151 1271 3215 eadem
1298 3151 1434 3231 ratione,

163 3282 230 3325 non
254 3258 339 3344 quod
363 3259 548 3323 omnimoda
577 3258 620 3321 sit
651 3257 840 3341 similitudo,
872 3258 929 3323 sed
957 3259 1031 3342 quia
1059 3279 1187 3344 magna.
1232 3259 1435 3322 Tristanus

165 3388 240 3431 vero
265 3368 308 3430 de
332 3365 440 3431 Silva
461 3367 495 3429 in
525 3365 645 3449 quinta,
674 3369 711 3429 ut
738 3365 791 3448 ait,
821 3387 888 3430 non
915 3365 1105 3449 prohibetur
1133 3366 1250 3450 taliter,
1283 3367 1435 3451 quoniam

165 3478 273 3556 potest
294 3469 364 3537 fieri
384 3473 500 3556 'quinta
521 3477 597 3556 post
620 3473 774 3556 quintam,
807 3473 882 3536 dum
904 3477 1013 3538 tamen
1036 3496 1100 3538 una
1126 3475 1169 3538 sit
1192 3473 1434 3556 semidiapente,

166 3581 230 3646 alia
251 3601 327 3645 vero
352 3580 512 3663 diapente,
542 3580 624 3644 sicut
646 3581 823 3664 reperimus
845 3580 880 3644 in
903 3581 1064 3646 cantilena
1087 3581 1160 3646 Scis
1181 3583 1380 3666 emprootis²
1404 3585 1436 3645 11

163 3691 200 3753 in
223 3689 294 3753 aliis
319 3689 563 3772 antiquioribus.
611 3687 676 3752 Sed
702 3688 763 3752 hoo
790 3711 856 3753 non
884 3694 932 3753 est
961 3690 1201 3755 concedendurn
1227 3688 1262 3754 in
1290 3673 1434 3774 integris,

166 3798 249 3863 bene
278 3799 389 3862 tamen
416 3797 449 3860 in
483 3796 608 3879 fractis,
638 3795 724 3861 idest
756 3797 787 3860 in
825 3796 1036 3864 diminutione
1069 3797 1268 3880 notularum,
1289 3799 1345 3861 'de
1374 3820 1436 3882 qua

165 3905 261 3988 paulo
298 3911 374 3990 post
411 3906 563 3969 dicemus.
624 3903 807 3998 Dissimiles
844 3909 955 3970 tamen
991 3905 1154 3989 perfectae
1191 3909 1328 3989 possunt
1365 3904 1435 3968 fieri

259 4215 267 4250 1
285 4229 378 4281 posse.

253 4301 264 4338 ²
282 4299 399 4353 Pietro
419 4299 521 4366 Aron,
541 4299 691 4354 1111111111)
709 4300 742 4352 cle
758 4301 867 4354 musica
885 4301 922 4367 ΙΙ,
942 4299 990 4355 fol.
1004 4301 1019 4352 7
1031 4318 1066 4368 v.,
1085 4299 1186 4369 bringt
1204 4301 1251 4356 die
1271 4300 1360 4360 Stella
1379 4319 1435 4357 von

171 4380 336 4440 ›Tristanus
355 4416 390 4424 —
409 4383 479 4454 Soys
499 4386 673 4455 emprantis‹
696 4386 726 4440 in
747 4375 952 4455 Ubersetaung.

254 4473 270 4506 *
287 4471 502 4526 Incontrarinm
521 4471 635 4540 saepius
656 4476 787 4526 servatur
810 4490 896 4542 supra
913 4472 987 4527 illud
1007 4489 1132 4528 carmen:
1155 4473 1246 4528 Detile
1260 4474 1436 4544 wiaeipium

165 4559 264 4612 melior
280 4559 393 4626 forleueu
411 4563 540 4625 sequetem
581 4556 653 4612 Nam
671 4557 736 4612 finis
756 4560 801 4612 est
817 4557 957 4628 perfectio
977 4559 1031 4626 rei,
1056 4575 1114 4612 non
1137 4561 1235 4614 antem
1252 4559 1436 4631 principium,

166 4649 200 4699 ut
218 4644 410 4699 Aristoteli
428 4644 533 4715 placet.

216 4749 318 4790 Beilrefte
333 4749 371 4790 der
385 4747 444 4788 Ins.
464 4747 492 4790 Il.
1212 4750 1229 4804 5
