<?xml version="1.0" encoding="UTF-8"?>
<!DOCTYPE html PUBLIC "-//W3C//DTD XHTML 1.0 Transitional//EN"
    "http://www.w3.org/TR/xhtml1/DTD/xhtml1-transitional.dtd">
<html xmlns="http://www.w3.org/1999/xhtml" xml:lang="en" lang="en">
 <head>
  <title>
</title>
<meta http-equiv="Content-Type" content="text/html;charset=utf-8" />
  <meta name='ocr-system' content='tesseract 3.04.00' />
  <meta name='ocr-capabilities' content='ocr_page ocr_carea ocr_par ocr_line ocrx_word'/>
</head>
<body>
  <div class='ocr_page' id='page_1' title='image "./musicapracticab00wolfgoog/musicapracticab00wolfgoog_0065.png"; bbox 0 0 3742 5528; ppageno 0'>
   <div class='ocr_carea' id='block_1_1' title="bbox 954 306 1165 370">
    <p class='ocr_par' dir='ltr' id='par_1_1' title="bbox 954 306 1165 370">
     <span class='ocr_line' id='line_1_1' title="bbox 954 306 1165 370; baseline 0.009 -16"><span class='ocrx_word' id='word_1_1' title='bbox 954 306 1165 370; x_wconf 70' lang='lat'>„42-</span> 
     </span>
    </p>
   </div>
   <div class='ocr_carea' id='block_1_2' title="bbox 425 478 1696 2307">
    <p class='ocr_par' dir='ltr' id='par_1_2' title="bbox 425 478 1696 1866">
     <span class='ocr_line' id='line_1_2' title="bbox 428 478 1696 566; baseline 0.001 -20"><span class='ocrx_word' id='word_1_2' title='bbox 428 480 520 566; x_wconf 90' lang='lat' dir='ltr'>ponit</span> <span class='ocrx_word' id='word_1_3' title='bbox 544 485 585 546; x_wconf 78' lang='lat' dir='ltr'>et</span> <span class='ocrx_word' id='word_1_4' title='bbox 597 480 694 546; x_wconf 90' lang='lat' dir='ltr'>molle</span> <span class='ocrx_word' id='word_1_5' title='bbox 718 485 813 565; x_wconf 88' lang='lat' dir='ltr'>atque</span> <span class='ocrx_word' id='word_1_6' title='bbox 836 479 992 564; x_wconf 89' lang='lat' dir='ltr'>naturale,</span> <span class='ocrx_word' id='word_1_7' title='bbox 1016 480 1112 566; x_wconf 84' lang='lat' dir='ltr'>longe</span> <span class='ocrx_word' id='word_1_8' title='bbox 1134 478 1226 563; x_wconf 90' lang='lat' dir='ltr'>peius</span> <span class='ocrx_word' id='word_1_9' title='bbox 1250 481 1427 566; x_wconf 79' lang='lat' dir='ltr'>cognovit¹.</span> <span class='ocrx_word' id='word_1_10' title='bbox 1461 482 1548 545; x_wconf 88' lang='lat' dir='ltr'>Bene</span> <span class='ocrx_word' id='word_1_11' title='bbox 1566 479 1696 565; x_wconf 89' lang='lat' dir='ltr'>quidem</span> 
     </span>
     <span class='ocr_line' id='line_1_3' title="bbox 428 587 1694 674; baseline 0.001 -21"><span class='ocrx_word' id='word_1_12' title='bbox 428 589 462 653; x_wconf 92' lang='lat' dir='ltr'>in</span> <span class='ocrx_word' id='word_1_13' title='bbox 485 611 543 654; x_wconf 85' lang='lat' dir='ltr'>suo</span> <span class='ocrx_word' id='word_1_14' title='bbox 570 589 787 654; x_wconf 88' lang='lat' dir='ltr'>monochordo</span> <span class='ocrx_word' id='word_1_15' title='bbox 810 611 961 655; x_wconf 90' lang='lat' dir='ltr'>numeros</span> <span class='ocrx_word' id='word_1_16' title='bbox 985 587 1165 672; x_wconf 88' lang='lat' dir='ltr'>assumpsit,</span> <span class='ocrx_word' id='word_1_17' title='bbox 1197 588 1272 673; x_wconf 87' lang='lat' dir='ltr'>quia</span> <span class='ocrx_word' id='word_1_18' title='bbox 1300 590 1438 673; x_wconf 87' lang='lat' dir='ltr'>eosdem,</span> <span class='ocrx_word' id='word_1_19' title='bbox 1471 610 1550 674; x_wconf 88' lang='lat' dir='ltr'>quos</span> <span class='ocrx_word' id='word_1_20' title='bbox 1578 590 1612 654; x_wconf 90' lang='lat' dir='ltr'>in</span> <span class='ocrx_word' id='word_1_21' title='bbox 1634 611 1694 654; x_wconf 86' lang='lat' dir='ltr'>suo</span> 
     </span>
     <span class='ocr_line' id='line_1_4' title="bbox 428 697 1694 782; baseline -0.002 -20"><span class='ocrx_word' id='word_1_22' title='bbox 428 698 605 778; x_wconf 84' lang='lat' dir='ltr'>Boetius,</span> <span class='ocrx_word' id='word_1_23' title='bbox 641 698 742 782; x_wconf 89' lang='lat' dir='ltr'>ponit.</span> <span class='ocrx_word' id='word_1_24' title='bbox 799 698 1025 763; x_wconf 86' lang='lat' dir='ltr'>Differentiam</span> <span class='ocrx_word' id='word_1_25' title='bbox 1055 701 1164 763; x_wconf 88' lang='lat' dir='ltr'>tamen</span> <span class='ocrx_word' id='word_1_26' title='bbox 1191 697 1281 762; x_wconf 90' lang='lat' dir='ltr'>illam</span> <span class='ocrx_word' id='word_1_27' title='bbox 1309 697 1473 764; x_wconf 87' lang='lat' dir='ltr'>semitonii</span> <span class='ocrx_word' id='word_1_28' title='bbox 1507 697 1602 782; x_wconf 80' lang='lat' dir='ltr'>[eum]</span> <span class='ocrx_word' id='word_1_29' title='bbox 1627 719 1694 762; x_wconf 86' lang='lat' dir='ltr'>non</span> 
     </span>
     <span class='ocr_line' id='line_1_5' title="bbox 429 804 1693 892; baseline 0 -22"><span class='ocrx_word' id='word_1_30' title='bbox 429 807 469 872; x_wconf 88' lang='lat' dir='ltr'>ab</span> <span class='ocrx_word' id='word_1_31' title='bbox 491 805 558 891; x_wconf 91' lang='lat' dir='ltr'>illc,</span> <span class='ocrx_word' id='word_1_32' title='bbox 588 807 645 872; x_wconf 92' lang='lat' dir='ltr'>sed</span> <span class='ocrx_word' id='word_1_33' title='bbox 679 809 719 874; x_wconf 87' lang='lat' dir='ltr'>ab</span> <span class='ocrx_word' id='word_1_34' title='bbox 754 807 862 892; x_wconf 90' lang='lat' dir='ltr'>aliquo</span> <span class='ocrx_word' id='word_1_35' title='bbox 889 807 1019 872; x_wconf 91' lang='lat' dir='ltr'>indocto</span> <span class='ocrx_word' id='word_1_36' title='bbox 1046 828 1120 872; x_wconf 91' lang='lat' dir='ltr'>reor</span> <span class='ocrx_word' id='word_1_37' title='bbox 1148 806 1317 890; x_wconf 86' lang='lat' dir='ltr'>accepisse.</span> <span class='ocrx_word' id='word_1_38' title='bbox 1369 806 1435 872; x_wconf 84' lang='lat' dir='ltr'>Sed</span> <span class='ocrx_word' id='word_1_39' title='bbox 1467 804 1547 870; x_wconf 88' lang='lat' dir='ltr'>mihi</span> <span class='ocrx_word' id='word_1_40' title='bbox 1581 806 1619 870; x_wconf 89' lang='lat' dir='ltr'>de</span> <span class='ocrx_word' id='word_1_41' title='bbox 1645 813 1693 870; x_wconf 86' lang='lat' dir='ltr'>¹eo</span> 
     </span>
     <span class='ocr_line' id='line_1_6' title="bbox 429 913 1692 1000; baseline -0.001 -21"><span class='ocrx_word' id='word_1_42' title='bbox 429 914 543 999; x_wconf 81' lang='lat' dir='ltr'>dicere,</span> <span class='ocrx_word' id='word_1_43' title='bbox 569 916 654 1000; x_wconf 89' lang='lat' dir='ltr'>quod</span> <span class='ocrx_word' id='word_1_44' title='bbox 676 914 778 980; x_wconf 85' lang='lat' dir='ltr'>frater</span> <span class='ocrx_word' id='word_1_45' title='bbox 799 916 819 982; x_wconf 82' lang='lat' dir='ltr'>J</span> <span class='ocrx_word' id='word_1_46' title='bbox 825 917 995 981; x_wconf 89' lang='lat' dir='ltr'>ohannes</span> <span class='ocrx_word' id='word_1_47' title='bbox 1020 914 1314 980; x_wconf 79' lang='lat' dir='ltr'>Carthusiensis</span> <span class='ocrx_word' id='word_1_48' title='bbox 1338 915 1377 980; x_wconf 92' lang='lat' dir='ltr'>de</span> <span class='ocrx_word' id='word_1_49' title='bbox 1400 913 1565 980; x_wconf 87' lang='lat' dir='ltr'>Marcheto</span> <span class='ocrx_word' id='word_1_50' title='bbox 1586 913 1692 979; x_wconf 89' lang='lat' dir='ltr'>dicero</span> 
     </span>
     <span class='ocr_line' id='line_1_7' title="bbox 427 1021 1689 1109; baseline -0.001 -22"><span class='ocrx_word' id='word_1_51' title='bbox 427 1023 541 1088; x_wconf 83' lang='lat' dir='ltr'>solitus</span> <span class='ocrx_word' id='word_1_52' title='bbox 566 1029 622 1088; x_wconf 89' lang='lat' dir='ltr'>est.</span> <span class='ocrx_word' id='word_1_53' title='bbox 668 1024 697 1089; x_wconf 81' lang='lat' dir='ltr'>A</span> <span class='ocrx_word' id='word_1_54' title='bbox 720 1024 828 1090; x_wconf 89' lang='lat' dir='ltr'>seculo</span> <span class='ocrx_word' id='word_1_55' title='bbox 850 1046 917 1089; x_wconf 91' lang='lat' dir='ltr'>non</span> <span class='ocrx_word' id='word_1_56' title='bbox 940 1029 989 1090; x_wconf 89' lang='lat' dir='ltr'>est</span> <span class='ocrx_word' id='word_1_57' title='bbox 1012 1025 1156 1090; x_wconf 90' lang='lat' dir='ltr'>auditum</span> <span class='ocrx_word' id='word_1_58' title='bbox 1186 1023 1304 1109; x_wconf 85' lang='lat' dir='ltr'>triplex</span> <span class='ocrx_word' id='word_1_59' title='bbox 1327 1044 1447 1108; x_wconf 87' lang='lat' dir='ltr'>ponere</span> <span class='ocrx_word' id='word_1_60' title='bbox 1471 1021 1689 1089; x_wconf 90' lang='lat' dir='ltr'>semitonium:</span> 
     </span>
     <span class='ocr_line' id='line_1_8' title="bbox 428 1131 1689 1218; baseline -0.002 -22"><span class='ocrx_word' id='word_1_61' title='bbox 428 1131 659 1197; x_wconf 87' lang='lat' dir='ltr'>chromaticum</span> <span class='ocrx_word' id='word_1_62' title='bbox 682 1132 813 1216; x_wconf 87' lang='lat' dir='ltr'>scilicet,</span> <span class='ocrx_word' id='word_1_63' title='bbox 840 1133 1084 1200; x_wconf 77' lang='lat' dir='ltr'>enharmonium</span> <span class='ocrx_word' id='word_1_64' title='bbox 1107 1137 1203 1218; x_wconf 88' lang='lat' dir='ltr'>atque</span> <span class='ocrx_word' id='word_1_65' title='bbox 1227 1133 1437 1216; x_wconf 89' lang='lat' dir='ltr'>diatonicum,</span> <span class='ocrx_word' id='word_1_66' title='bbox 1464 1131 1552 1217; x_wconf 90' lang='lat' dir='ltr'>quia,</span> <span class='ocrx_word' id='word_1_67' title='bbox 1576 1134 1613 1195; x_wconf 93' lang='lat' dir='ltr'>ut</span> <span class='ocrx_word' id='word_1_68' title='bbox 1635 1131 1689 1212; x_wconf 90' lang='lat' dir='ltr'>ait,</span> 
     </span>
     <span class='ocr_line' id='line_1_9' title="bbox 428 1239 1691 1328; baseline -0.001 -25"><span class='ocrx_word' id='word_1_69' title='bbox 428 1241 499 1324; x_wconf 86' lang='lat' dir='ltr'>quis</span> <span class='ocrx_word' id='word_1_70' title='bbox 531 1263 683 1326; x_wconf 89' lang='lat' dir='ltr'>umquam</span> <span class='ocrx_word' id='word_1_71' title='bbox 713 1243 834 1307; x_wconf 89' lang='lat' dir='ltr'>audivit</span> <span class='ocrx_word' id='word_1_72' title='bbox 868 1244 908 1309; x_wconf 86' lang='lat' dir='ltr'>ab</span> <span class='ocrx_word' id='word_1_73' title='bbox 940 1242 1048 1328; x_wconf 89' lang='lat' dir='ltr'>aliquo</span> <span class='ocrx_word' id='word_1_74' title='bbox 1074 1264 1151 1307; x_wconf 84' lang='lat' dir='ltr'>vero</span> <span class='ocrx_word' id='word_1_75' title='bbox 1182 1242 1312 1307; x_wconf 89' lang='lat' dir='ltr'>doctore</span> <span class='ocrx_word' id='word_1_76' title='bbox 1344 1241 1462 1325; x_wconf 89' lang='lat' dir='ltr'>triplex</span> <span class='ocrx_word' id='word_1_77' title='bbox 1493 1263 1562 1306; x_wconf 88' lang='lat' dir='ltr'>esse</span> <span class='ocrx_word' id='word_1_78' title='bbox 1586 1239 1691 1308; x_wconf 65' lang='lat' dir='ltr'>,semi-</span> 
     </span>
     <span class='ocr_line' id='line_1_10' title="bbox 427 1347 1690 1432; baseline 0.002 -21"><span class='ocrx_word' id='word_1_79' title='bbox 427 1347 551 1412; x_wconf 88' lang='lat' dir='ltr'>tonium</span> <span class='ocrx_word' id='word_1_80' title='bbox 584 1349 647 1414; x_wconf 91' lang='lat' dir='ltr'>nisi</span> <span class='ocrx_word' id='word_1_81' title='bbox 678 1351 719 1416; x_wconf 89' lang='lat' dir='ltr'>ab</span> <span class='ocrx_word' id='word_1_82' title='bbox 748 1351 813 1415; x_wconf 90' lang='lat' dir='ltr'>isto</span> <span class='ocrx_word' id='word_1_83' title='bbox 842 1350 1080 1416; x_wconf 80' lang='lat' dir='ltr'>marchetista2.</span> <span class='ocrx_word' id='word_1_84' title='bbox 1133 1350 1248 1415; x_wconf 83' lang='lat' dir='ltr'>Frater</span> <span class='ocrx_word' id='word_1_85' title='bbox 1281 1349 1486 1416; x_wconf 83' lang='lat' dir='ltr'>lohannes</span> <span class='ocrx_word' id='word_1_86' title='bbox 1519 1348 1690 1432; x_wconf 86' lang='lat' dir='ltr'>Hcthby,</span> 
     </span>
     <span class='ocr_line' id='line_1_11' title="bbox 428 1457 1689 1544; baseline 0.002 -26"><span class='ocrx_word' id='word_1_87' title='bbox 428 1457 532 1540; x_wconf 90' lang='lat' dir='ltr'>cred0,</span> <span class='ocrx_word' id='word_1_88' title='bbox 557 1458 691 1541; x_wconf 91' lang='lat' dir='ltr'>abipso</span> <span class='ocrx_word' id='word_1_89' title='bbox 716 1459 839 1544; x_wconf 89' lang='lat' dir='ltr'>aliquot</span> <span class='ocrx_word' id='word_1_90' title='bbox 869 1459 1113 1524; x_wconf 86' lang='lat' dir='ltr'>fundamentum</span> <span class='ocrx_word' id='word_1_91' title='bbox 1142 1459 1360 1542; x_wconf 80' lang='lat' dir='ltr'>assumpserit.</span> <span class='ocrx_word' id='word_1_92' title='bbox 1408 1458 1473 1524; x_wconf 88' lang='lat' dir='ltr'>Sed</span> <span class='ocrx_word' id='word_1_93' title='bbox 1494 1479 1561 1523; x_wconf 88' lang='lat' dir='ltr'>non</span> <span class='ocrx_word' id='word_1_94' title='bbox 1582 1458 1689 1539; x_wconf 87' lang='lat' dir='ltr'>miror,</span> 
     </span>
     <span class='ocr_line' id='line_1_12' title="bbox 428 1549 1692 1654; baseline 0.001 -27"><span class='ocrx_word' id='word_1_95' title='bbox 428 1563 503 1648; x_wconf 89' lang='lat' dir='ltr'>quia</span> <span class='ocrx_word' id='word_1_96' title='bbox 533 1587 653 1650; x_wconf 85' lang='lat' dir='ltr'>sequax</span> <span class='ocrx_word' id='word_1_97' title='bbox 681 1565 878 1632; x_wconf 71' lang='lat' dir='ltr'>(luidonis</span> <span class='ocrx_word' id='word_1_98' title='bbox 907 1572 964 1632; x_wconf 90' lang='lat' dir='ltr'>est.</span> <span class='ocrx_word' id='word_1_99' title='bbox 1009 1567 1080 1654; x_wconf 82' lang='lat' dir='ltr'>Ego</span> <span class='ocrx_word' id='word_1_100' title='bbox 1110 1568 1195 1632; x_wconf 89' lang='lat' dir='ltr'>enim</span> <span class='ocrx_word' id='word_1_101' title='bbox 1223 1549 1319 1652; x_wconf 87' lang='lat' dir='ltr'>caput</span> <span class='ocrx_word' id='word_1_102' title='bbox 1346 1571 1511 1632; x_wconf 89' lang='lat' dir='ltr'>conterere</span> <span class='ocrx_word' id='word_1_103' title='bbox 1545 1565 1628 1649; x_wconf 84' lang='lat' dir='ltr'>volo,</span> <span class='ocrx_word' id='word_1_104' title='bbox 1656 1571 1692 1628; x_wconf 94' lang='lat' dir='ltr'>ut</span> 
     </span>
     <span class='ocr_line' id='line_1_13' title="bbox 427 1673 1692 1758; baseline 0.002 -22"><span class='ocrx_word' id='word_1_105' title='bbox 427 1694 543 1756; x_wconf 87' lang='lat' dir='ltr'>corpus</span> <span class='ocrx_word' id='word_1_106' title='bbox 562 1673 650 1739; x_wconf 88' lang='lat' dir='ltr'>istud</span> <span class='ocrx_word' id='word_1_107' title='bbox 671 1675 706 1739; x_wconf 89' lang='lat' dir='ltr'>in</span> <span class='ocrx_word' id='word_1_108' title='bbox 730 1676 890 1741; x_wconf 90' lang='lat' dir='ltr'>erroribus</span> <span class='ocrx_word' id='word_1_109' title='bbox 914 1675 1123 1742; x_wconf 90' lang='lat' dir='ltr'>constitutum</span> <span class='ocrx_word' id='word_1_110' title='bbox 1147 1676 1282 1740; x_wconf 85' lang='lat' dir='ltr'>cadaver</span> <span class='ocrx_word' id='word_1_111' title='bbox 1303 1675 1369 1740; x_wconf 91' lang='lat' dir='ltr'>iam</span> <span class='ocrx_word' id='word_1_112' title='bbox 1391 1675 1452 1740; x_wconf 89' lang='lat' dir='ltr'>fiat</span> <span class='ocrx_word' id='word_1_113' title='bbox 1473 1697 1532 1740; x_wconf 89' lang='lat' dir='ltr'>nec</span> <span class='ocrx_word' id='word_1_114' title='bbox 1556 1673 1692 1758; x_wconf 88' lang='lat' dir='ltr'>amplius</span> 
     </span>
     <span class='ocr_line' id='line_1_14' title="bbox 425 1780 667 1866; baseline 0.017 -21"><span class='ocrx_word' id='word_1_115' title='bbox 425 1780 532 1856; x_wconf 82' lang='lat' dir='ltr'>vivere</span> <span class='ocrx_word' id='word_1_116' title='bbox 555 1783 667 1866; x_wconf 90' lang='lat' dir='ltr'>possit.</span> 
     </span>
    </p>

    <p class='ocr_par' dir='ltr' id='par_1_3' title="bbox 426 1891 1693 2307">
     <span class='ocr_line' id='line_1_15' title="bbox 513 1891 1691 1980; baseline -0.001 -24"><span class='ocrx_word' id='word_1_117' title='bbox 513 1891 686 1958; x_wconf 89' lang='lat' dir='ltr'>Praeterea</span> <span class='ocrx_word' id='word_1_118' title='bbox 707 1892 769 1958; x_wconf 87' lang='lat' dir='ltr'>iste</span> <span class='ocrx_word' id='word_1_119' title='bbox 792 1895 948 1980; x_wconf 83' lang='lat' dir='ltr'>magister</span> <span class='ocrx_word' id='word_1_120' title='bbox 979 1893 1183 1959; x_wconf 89' lang='lat' dir='ltr'>Osmensis</span> <span class='ocrx_word' id='word_1_121' title='bbox 1209 1893 1274 1958; x_wconf 91' lang='lat' dir='ltr'>iam</span> <span class='ocrx_word' id='word_1_122' title='bbox 1302 1893 1461 1980; x_wconf 84' lang='lat' dir='ltr'>allegatos</span> <span class='ocrx_word' id='word_1_123' title='bbox 1485 1893 1577 1958; x_wconf 90' lang='lat' dir='ltr'>dicit:</span> <span class='ocrx_word' id='word_1_124' title='bbox 1609 1893 1691 1956; x_wconf 87' lang='lat' dir='ltr'>istae</span> 
     </span>
     <span class='ocr_line' id='line_1_16' title="bbox 426 1989 1693 2088; baseline 0.001 -25"><span class='ocrx_word' id='word_1_125' title='bbox 426 2003 492 2064; x_wconf 89' lang='lat' dir='ltr'>tres</span> <span class='ocrx_word' id='word_1_126' title='bbox 513 2001 728 2084; x_wconf 86' lang='lat' dir='ltr'>proprietates</span> <span class='ocrx_word' id='word_1_127' title='bbox 751 2001 875 2068; x_wconf 88' lang='lat' dir='ltr'>scilicet</span> <span class='ocrx_word' id='word_1_128' title='bbox 898 1993 911 2081; x_wconf 67' lang='lat' dir='ltr'>l</span> <span class='ocrx_word' id='word_1_129' title='bbox 937 2003 1060 2088; x_wconf 88' lang='lat' dir='ltr'>durum,</span> <span class='ocrx_word' id='word_1_130' title='bbox 1085 1989 1100 2067; x_wconf 73' lang='lat' dir='ltr'>l</span> <span class='ocrx_word' id='word_1_131' title='bbox 1120 2002 1218 2069; x_wconf 91' lang='lat' dir='ltr'>molle</span> <span class='ocrx_word' id='word_1_132' title='bbox 1248 2007 1280 2068; x_wconf 93' lang='lat' dir='ltr'>et</span> <span class='ocrx_word' id='word_1_133' title='bbox 1301 2008 1416 2068; x_wconf 89' lang='lat' dir='ltr'>natura</span> <span class='ocrx_word' id='word_1_134' title='bbox 1444 2003 1490 2067; x_wconf 90' lang='lat' dir='ltr'>sic</span> <span class='ocrx_word' id='word_1_135' title='bbox 1513 2024 1547 2066; x_wconf 87' lang='lat' dir='ltr'>se</span> <span class='ocrx_word' id='word_1_136' title='bbox 1570 2000 1693 2066; x_wconf 90' lang='lat' dir='ltr'>habent</span> 
     </span>
     <span class='ocr_line' id='line_1_17' title="bbox 426 2107 1689 2198; baseline 0.001 -26"><span class='ocrx_word' id='word_1_137' title='bbox 426 2107 509 2173; x_wconf 82' lang='lat' dir='ltr'>sicut</span> <span class='ocrx_word' id='word_1_138' title='bbox 530 2108 588 2174; x_wconf 89' lang='lat' dir='ltr'>illa</span> <span class='ocrx_word' id='word_1_139' title='bbox 610 2109 673 2174; x_wconf 90' lang='lat' dir='ltr'>tria</span> <span class='ocrx_word' id='word_1_140' title='bbox 694 2132 815 2197; x_wconf 85' lang='lat' dir='ltr'>genera</span> <span class='ocrx_word' id='word_1_141' title='bbox 841 2112 1008 2194; x_wconf 85' lang='lat' dir='ltr'>melorum,</span> <span class='ocrx_word' id='word_1_142' title='bbox 1041 2135 1122 2198; x_wconf 89' lang='lat' dir='ltr'>quae</span> <span class='ocrx_word' id='word_1_143' title='bbox 1150 2116 1314 2197; x_wconf 88' lang='lat' dir='ltr'>ponuntur</span> <span class='ocrx_word' id='word_1_144' title='bbox 1344 2135 1363 2176; x_wconf 92' lang='lat' dir='ltr'>a</span> <span class='ocrx_word' id='word_1_145' title='bbox 1389 2110 1530 2177; x_wconf 90' lang='lat' dir='ltr'>Boetio</span> <span class='ocrx_word' id='word_1_146' title='bbox 1553 2109 1689 2174; x_wconf 90' lang='lat' dir='ltr'>scilicet:</span> 
     </span>
     <span class='ocr_line' id='line_1_18' title="bbox 427 2206 1690 2307; baseline 0.001 -26"><span class='ocrx_word' id='word_1_147' title='bbox 427 2217 630 2299; x_wconf 89' lang='lat' dir='ltr'>diatonicum,</span> <span class='ocrx_word' id='word_1_148' title='bbox 656 2206 902 2285; x_wconf 55' lang='lat' dir='ltr'>&#39;chromaticum</span> <span class='ocrx_word' id='word_1_149' title='bbox 939 2226 972 2286; x_wconf 89' lang='lat' dir='ltr'>et</span> <span class='ocrx_word' id='word_1_150' title='bbox 1007 2221 1258 2305; x_wconf 84' lang='lat' dir='ltr'>enharmonium,</span> <span class='ocrx_word' id='word_1_151' title='bbox 1298 2220 1450 2307; x_wconf 89' lang='lat' dir='ltr'>quoniam</span> <span class='ocrx_word' id='word_1_152' title='bbox 1484 2217 1690 2301; x_wconf 88' lang='lat' dir='ltr'>diatonicum,</span> 
     </span>
    </p>
   </div>
   <div class='ocr_carea' id='block_1_3' title="bbox 308 2321 1689 2416">
    <p class='ocr_par' dir='ltr' id='par_1_4' title="bbox 308 2321 1689 2416">
     <span class='ocr_line' id='line_1_19' title="bbox 308 2321 1689 2416; baseline -0.001 -24"><span class='ocrx_word' id='word_1_153' title='bbox 308 2411 309 2416; x_wconf 8' lang='grc' dir='ltr'>ἵ</span> <span class='ocrx_word' id='word_1_154' title='bbox 427 2327 511 2410; x_wconf 91' lang='lat' dir='ltr'>quod</span> <span class='ocrx_word' id='word_1_155' title='bbox 536 2326 770 2412; x_wconf 89' lang='lat' dir='ltr'>aliquantulum</span> <span class='ocrx_word' id='word_1_156' title='bbox 794 2329 903 2394; x_wconf 88' lang='lat' dir='ltr'>durius</span> <span class='ocrx_word' id='word_1_157' title='bbox 927 2335 984 2411; x_wconf 90' lang='lat' dir='ltr'>est,</span> <span class='ocrx_word' id='word_1_158' title='bbox 1009 2321 1119 2413; x_wconf 74' lang='lat' dir='ltr'>dioitt</span> <span class='ocrx_word' id='word_1_159' title='bbox 1141 2331 1288 2415; x_wconf 89' lang='lat' dir='ltr'>quadrati</span> <span class='ocrx_word' id='word_1_160' title='bbox 1311 2329 1555 2396; x_wconf 89' lang='lat' dir='ltr'>similitudinem</span> <span class='ocrx_word' id='word_1_161' title='bbox 1569 2332 1689 2409; x_wconf 88' lang='lat' dir='ltr'>tenere,</span> 
     </span>
    </p>
   </div>
   <div class='ocr_carea' id='block_1_4' title="bbox 424 2423 1690 3068">
    <p class='ocr_par' dir='ltr' id='par_1_5' title="bbox 424 2423 1690 3068">
     <span class='ocr_line' id='line_1_20' title="bbox 425 2423 1690 2526; baseline 0.001 -28"><span class='ocrx_word' id='word_1_162' title='bbox 425 2433 669 2500; x_wconf 86' lang='lat' dir='ltr'>enharmonium</span> <span class='ocrx_word' id='word_1_163' title='bbox 703 2459 788 2517; x_wconf 84' lang='lat' dir='ltr'>vero,</span> <span class='ocrx_word' id='word_1_164' title='bbox 823 2439 907 2522; x_wconf 91' lang='lat' dir='ltr'>quod</span> <span class='ocrx_word' id='word_1_165' title='bbox 934 2439 1039 2526; x_wconf 86' lang='lat' dir='ltr'>magis</span> <span class='ocrx_word' id='word_1_166' title='bbox 1067 2440 1108 2505; x_wconf 92' lang='lat' dir='ltr'>ad</span> <span class='ocrx_word' id='word_1_167' title='bbox 1138 2440 1236 2505; x_wconf 90' lang='lat' dir='ltr'>molle</span> <span class='ocrx_word' id='word_1_168' title='bbox 1264 2443 1448 2523; x_wconf 90' lang='lat' dir='ltr'>coaptatum</span> <span class='ocrx_word' id='word_1_169' title='bbox 1478 2441 1535 2522; x_wconf 89' lang='lat' dir='ltr'>est,</span> <span class='ocrx_word' id='word_1_170' title='bbox 1573 2423 1690 2500; x_wconf 74' lang='lat' dir='ltr'>tmoli</span> 
     </span>
     <span class='ocr_line' id='line_1_21' title="bbox 427 2544 1689 2633; baseline 0 -25"><span class='ocrx_word' id='word_1_171' title='bbox 427 2548 602 2627; x_wconf 90' lang='lat' dir='ltr'>comparat,</span> <span class='ocrx_word' id='word_1_172' title='bbox 632 2544 863 2612; x_wconf 90' lang='lat' dir='ltr'>chromaticum</span> <span class='ocrx_word' id='word_1_173' title='bbox 892 2569 978 2632; x_wconf 82' lang='lat' dir='ltr'>vcro,</span> <span class='ocrx_word' id='word_1_174' title='bbox 1009 2549 1094 2633; x_wconf 89' lang='lat' dir='ltr'>quod</span> <span class='ocrx_word' id='word_1_175' title='bbox 1116 2549 1201 2614; x_wconf 88' lang='lat' dir='ltr'>inter</span> <span class='ocrx_word' id='word_1_176' title='bbox 1227 2552 1397 2632; x_wconf 90' lang='lat' dir='ltr'>utrumque</span> <span class='ocrx_word' id='word_1_177' title='bbox 1420 2546 1561 2612; x_wconf 92' lang='lat' dir='ltr'>medium</span> <span class='ocrx_word' id='word_1_178' title='bbox 1589 2548 1689 2627; x_wconf 90' lang='lat' dir='ltr'>tenet,</span> 
     </span>
     <span class='ocr_line' id='line_1_22' title="bbox 424 2653 1689 2741; baseline 0.002 -27"><span class='ocrx_word' id='word_1_179' title='bbox 424 2656 558 2716; x_wconf 88' lang='lat' dir='ltr'>naturae</span> <span class='ocrx_word' id='word_1_180' title='bbox 581 2653 756 2739; x_wconf 78' lang='lat' dir='ltr'>imaginem</span> <span class='ocrx_word' id='word_1_181' title='bbox 779 2660 894 2720; x_wconf 81' lang='lat' dir='ltr'>servat.</span> <span class='ocrx_word' id='word_1_182' title='bbox 941 2656 1010 2722; x_wconf 94' lang='lat' dir='ltr'>Hoc</span> <span class='ocrx_word' id='word_1_183' title='bbox 1027 2661 1134 2722; x_wconf 90' lang='lat' dir='ltr'>autem</span> <span class='ocrx_word' id='word_1_184' title='bbox 1150 2657 1224 2741; x_wconf 89' lang='lat' dir='ltr'>iam,</span> <span class='ocrx_word' id='word_1_185' title='bbox 1250 2679 1321 2722; x_wconf 90' lang='lat' dir='ltr'>cum</span> <span class='ocrx_word' id='word_1_186' title='bbox 1336 2657 1370 2720; x_wconf 90' lang='lat' dir='ltr'>in</span> <span class='ocrx_word' id='word_1_187' title='bbox 1386 2655 1492 2720; x_wconf 86' lang='lat' dir='ltr'>studio</span> <span class='ocrx_word' id='word_1_188' title='bbox 1507 2655 1689 2740; x_wconf 83' lang='lat' dir='ltr'>legeremus</span> 
     </span>
     <span class='ocr_line' id='line_1_23' title="bbox 427 2760 1686 2852; baseline 0.001 -28"><span class='ocrx_word' id='word_1_189' title='bbox 427 2760 638 2847; x_wconf 81' lang='lat' dir='ltr'>Salmantino,</span> <span class='ocrx_word' id='word_1_190' title='bbox 668 2768 838 2848; x_wconf 79' lang='lat' dir='ltr'>praesente</span> <span class='ocrx_word' id='word_1_191' title='bbox 879 2769 911 2830; x_wconf 89' lang='lat' dir='ltr'>et</span> <span class='ocrx_word' id='word_1_192' title='bbox 945 2788 1052 2831; x_wconf 87' lang='lat' dir='ltr'>coram</span> <span class='ocrx_word' id='word_1_193' title='bbox 1087 2789 1125 2832; x_wconf 87' lang='lat' dir='ltr'>eo</span> <span class='ocrx_word' id='word_1_194' title='bbox 1160 2765 1382 2852; x_wconf 84' lang='lat' dir='ltr'>redarguimus</span> <span class='ocrx_word' id='word_1_195' title='bbox 1418 2769 1450 2829; x_wconf 92' lang='lat' dir='ltr'>et</span> <span class='ocrx_word' id='word_1_196' title='bbox 1477 2765 1511 2830; x_wconf 91' lang='lat' dir='ltr'>in</span> <span class='ocrx_word' id='word_1_197' title='bbox 1537 2766 1686 2843; x_wconf 87' lang='lat' dir='ltr'>tractatu,</span> 
     </span>
     <span class='ocr_line' id='line_1_24' title="bbox 425 2869 1686 2962; baseline 0 -29"><span class='ocrx_word' id='word_1_198' title='bbox 425 2891 520 2952; x_wconf 91' lang='lat' dir='ltr'>quem</span> <span class='ocrx_word' id='word_1_199' title='bbox 547 2869 593 2934; x_wconf 93' lang='lat' dir='ltr'>ibi</span> <span class='ocrx_word' id='word_1_200' title='bbox 621 2871 655 2936; x_wconf 91' lang='lat' dir='ltr'>in</span> <span class='ocrx_word' id='word_1_201' title='bbox 687 2871 747 2938; x_wconf 88' lang='lat' dir='ltr'>hac</span> <span class='ocrx_word' id='word_1_202' title='bbox 776 2872 931 2939; x_wconf 71' lang='lat' dir='ltr'>facultate</span> <span class='ocrx_word' id='word_1_203' title='bbox 961 2874 1073 2962; x_wconf 81' lang='lat' dir='ltr'>lingue</span> <span class='ocrx_word' id='word_1_204' title='bbox 1100 2879 1246 2940; x_wconf 88' lang='lat' dir='ltr'>materna</span> <span class='ocrx_word' id='word_1_205' title='bbox 1280 2872 1525 2958; x_wconf 87' lang='lat' dir='ltr'>composuimus,</span> <span class='ocrx_word' id='word_1_206' title='bbox 1560 2871 1624 2954; x_wconf 90' lang='lat' dir='ltr'>ipsi</span> <span class='ocrx_word' id='word_1_207' title='bbox 1652 2870 1686 2933; x_wconf 92' lang='lat' dir='ltr'>in</span> 
     </span>
     <span class='ocr_line' id='line_1_25' title="bbox 428 2977 1688 3068; baseline 0.002 -27"><span class='ocrx_word' id='word_1_208' title='bbox 428 2977 576 3043; x_wconf 85' lang='lat' dir='ltr'>omnibus</span> <span class='ocrx_word' id='word_1_209' title='bbox 612 2981 863 3047; x_wconf 82' lang='lat' dir='ltr'>contradiximus</span> <span class='ocrx_word' id='word_1_210' title='bbox 898 2984 987 3064; x_wconf 89' lang='lat' dir='ltr'>adeo,</span> <span class='ocrx_word' id='word_1_211' title='bbox 1021 2988 1058 3048; x_wconf 92' lang='lat' dir='ltr'>ut</span> <span class='ocrx_word' id='word_1_212' title='bbox 1087 2984 1156 3068; x_wconf 89' lang='lat' dir='ltr'>ipse</span> <span class='ocrx_word' id='word_1_213' title='bbox 1183 2984 1252 3050; x_wconf 84' lang='lat' dir='ltr'>viso</span> <span class='ocrx_word' id='word_1_214' title='bbox 1281 2988 1313 3049; x_wconf 89' lang='lat' dir='ltr'>et</span> <span class='ocrx_word' id='word_1_215' title='bbox 1341 2982 1521 3048; x_wconf 86' lang='lat' dir='ltr'>examinato</span> <span class='ocrx_word' id='word_1_216' title='bbox 1548 2983 1688 3045; x_wconf 87' lang='lat' dir='ltr'>tractatu</span> 
     </span>
    </p>
   </div>
   <div class='ocr_carea' id='block_1_5' title="bbox 419 3318 1685 3578">
    <p class='ocr_par' dir='ltr' id='par_1_6' title="bbox 419 3318 1685 3578">
     <span class='ocr_line' id='line_1_26' title="bbox 514 3318 1685 3390; baseline 0.003 -18"><span class='ocrx_word' id='word_1_217' title='bbox 514 3318 658 3389; x_wconf 85' lang='lat' dir='ltr'>1Hothby</span> <span class='ocrx_word' id='word_1_218' title='bbox 678 3321 787 3377; x_wconf 75' lang='lat' dir='ltr'>erkltrt</span> <span class='ocrx_word' id='word_1_219' title='bbox 805 3323 835 3377; x_wconf 90' lang='lat' dir='ltr'>in</span> <span class='ocrx_word' id='word_1_220' title='bbox 855 3323 906 3378; x_wconf 86' lang='lat' dir='ltr'>der</span> <span class='ocrx_word' id='word_1_221' title='bbox 924 3323 1070 3390; x_wconf 74' lang='lat' dir='ltr'>Bucitotc&#39;o,</span> <span class='ocrx_word' id='word_1_222' title='bbox 1094 3323 1151 3378; x_wconf 84' lang='lat' dir='ltr'>dass</span> <span class='ocrx_word' id='word_1_223' title='bbox 1171 3340 1201 3378; x_wconf 90' lang='lat' dir='ltr'>er</span> <span class='ocrx_word' id='word_1_224' title='bbox 1225 3323 1271 3378; x_wconf 89' lang='lat' dir='ltr'>die</span> <span class='ocrx_word' id='word_1_225' title='bbox 1290 3323 1435 3378; x_wconf 77' lang='lat' dir='ltr'>Halbtonc</span> <span class='ocrx_word' id='word_1_226' title='bbox 1460 3323 1590 3377; x_wconf 89' lang='lat' dir='ltr'>benannt</span> <span class='ocrx_word' id='word_1_227' title='bbox 1612 3321 1685 3375; x_wconf 88' lang='lat' dir='ltr'>habe</span> 
     </span>
     <span class='ocr_line' id='line_1_27' title="bbox 425 3404 1685 3476; baseline 0.002 -19"><span class='ocrx_word' id='word_1_228' title='bbox 425 3404 499 3458; x_wconf 87' lang='lat' dir='ltr'>nach</span> <span class='ocrx_word' id='word_1_229' title='bbox 523 3406 578 3459; x_wconf 90' lang='lat' dir='ltr'>den</span> <span class='ocrx_word' id='word_1_230' title='bbox 603 3405 824 3476; x_wconf 87' lang='lat' dir='ltr'>Hexachorden,</span> <span class='ocrx_word' id='word_1_231' title='bbox 851 3411 880 3464; x_wconf 90' lang='lat' dir='ltr'>in</span> <span class='ocrx_word' id='word_1_232' title='bbox 905 3411 998 3466; x_wconf 89' lang='lat' dir='ltr'>denen</span> <span class='ocrx_word' id='word_1_233' title='bbox 1022 3411 1064 3467; x_wconf 87' lang='lat' dir='ltr'>sie</span> <span class='ocrx_word' id='word_1_234' title='bbox 1089 3411 1152 3466; x_wconf 90' lang='lat' dir='ltr'>sich</span> <span class='ocrx_word' id='word_1_235' title='bbox 1174 3411 1278 3465; x_wconf 89' lang='lat' dir='ltr'>finden.</span> <span class='ocrx_word' id='word_1_236' title='bbox 1315 3410 1358 3465; x_wconf 88' lang='lat' dir='ltr'>Da</span> <span class='ocrx_word' id='word_1_237' title='bbox 1380 3427 1447 3464; x_wconf 87' lang='lat' dir='ltr'>man</span> <span class='ocrx_word' id='word_1_238' title='bbox 1471 3427 1530 3464; x_wconf 89' lang='lat' dir='ltr'>nun</span> <span class='ocrx_word' id='word_1_239' title='bbox 1554 3407 1599 3462; x_wconf 87' lang='lat' dir='ltr'>die</span> <span class='ocrx_word' id='word_1_240' title='bbox 1624 3407 1685 3462; x_wconf 88' lang='lat' dir='ltr'>drei</span> 
     </span>
     <span class='ocr_line' id='line_1_28' title="bbox 419 3485 1684 3578; baseline 0.003 -33"><span class='ocrx_word' id='word_1_241' title='bbox 419 3493 598 3561; x_wconf 77' lang='lat' dir='ltr'>proprietates</span> <span class='ocrx_word' id='word_1_242' title='bbox 616 3501 725 3550; x_wconf 73' lang='lat' dir='ltr'>coaetus:</span> <span class='ocrx_word' id='word_1_243' title='bbox 748 3502 859 3566; x_wconf 78' lang='lat' dir='ltr'>acturo,</span> <span class='ocrx_word' id='word_1_244' title='bbox 878 3485 978 3563; x_wconf 66' lang='lat' dir='ltr'>hauoth</span> <span class='ocrx_word' id='word_1_245' title='bbox 997 3498 1056 3552; x_wconf 88' lang='lat' dir='ltr'>und</span> <span class='ocrx_word' id='word_1_246' title='bbox 1074 3487 1235 3578; x_wconf 58' lang='lat' dir='ltr'>hquodrum</span> <span class='ocrx_word' id='word_1_247' title='bbox 1252 3499 1313 3552; x_wconf 86' lang='lat' dir='ltr'>bez.</span> <span class='ocrx_word' id='word_1_248' title='bbox 1327 3487 1451 3576; x_wconf 46' lang='lat' dir='ltr'>fidorum</span> <span class='ocrx_word' id='word_1_249' title='bbox 1473 3494 1684 3562; x_wconf 86' lang='lat' dir='ltr'>unterscheide,</span> 
     </span>
    </p>
   </div>
   <div class='ocr_carea' id='block_1_6' title="bbox 423 3579 1767 3654">
    <p class='ocr_par' dir='ltr' id='par_1_7' title="bbox 423 3579 1767 3654">
     <span class='ocr_line' id='line_1_29' title="bbox 423 3579 1767 3654; baseline 0.004 -22"><span class='ocrx_word' id='word_1_250' title='bbox 423 3596 453 3632; x_wconf 90' lang='lat' dir='ltr'>so</span> <span class='ocrx_word' id='word_1_251' title='bbox 472 3579 587 3634; x_wconf 76' lang='lat' dir='ltr'>ktnnen</span> <span class='ocrx_word' id='word_1_252' title='bbox 606 3583 680 3638; x_wconf 86' lang='lat' dir='ltr'>auch</span> <span class='ocrx_word' id='word_1_253' title='bbox 699 3584 911 3652; x_wconf 87' lang='lat' dir='ltr'>entsprcchend</span> <span class='ocrx_word' id='word_1_254' title='bbox 930 3584 976 3640; x_wconf 91' lang='lat' dir='ltr'>die</span> <span class='ocrx_word' id='word_1_255' title='bbox 995 3585 1141 3654; x_wconf 84' lang='lat' dir='ltr'>Halbtt&#39;ne</span> <span class='ocrx_word' id='word_1_256' title='bbox 1160 3585 1331 3640; x_wconf 85' lang='lat' dir='ltr'>bezeichnet</span> <span class='ocrx_word' id='word_1_257' title='bbox 1347 3585 1476 3652; x_wconf 81' lang='lat' dir='ltr'>werden,</span> <span class='ocrx_word' id='word_1_258' title='bbox 1500 3583 1554 3638; x_wconf 86' lang='lat' dir='ltr'>wie</span> <span class='ocrx_word' id='word_1_259' title='bbox 1573 3581 1686 3651; x_wconf 85' lang='lat' dir='ltr'>mauja</span> <span class='ocrx_word' id='word_1_260' title='bbox 1762 3601 1767 3610; x_wconf 93' lang='lat'><em>·</em></span> 
     </span>
    </p>
   </div>
   <div class='ocr_carea' id='block_1_7' title="bbox 381 3665 1688 4700">
    <p class='ocr_par' dir='ltr' id='par_1_8' title="bbox 381 3665 1688 4506">
     <span class='ocr_line' id='line_1_30' title="bbox 381 3665 1685 3741; baseline 0.001 -21"><span class='ocrx_word' id='word_1_261' title='bbox 381 3679 383 3682; x_wconf 83' lang='grc'><strong>’</strong></span> <span class='ocrx_word' id='word_1_262' title='bbox 423 3665 470 3720; x_wconf 87' lang='lat' dir='ltr'>ein</span> <span class='ocrx_word' id='word_1_263' title='bbox 488 3666 574 3734; x_wconf 88' lang='lat' dir='ltr'>Haus,</span> <span class='ocrx_word' id='word_1_264' title='bbox 596 3668 646 3722; x_wconf 86' lang='lat' dir='ltr'>das</span> <span class='ocrx_word' id='word_1_265' title='bbox 666 3687 717 3723; x_wconf 90' lang='lat' dir='ltr'>aus</span> <span class='ocrx_word' id='word_1_266' title='bbox 734 3669 856 3725; x_wconf 84' lang='lat' dir='ltr'>weillem</span> <span class='ocrx_word' id='word_1_267' title='bbox 875 3670 1008 3726; x_wconf 86' lang='lat' dir='ltr'>Material</span> <span class='ocrx_word' id='word_1_268' title='bbox 1027 3671 1195 3741; x_wconf 80' lang='lat' dir='ltr'>aufgeftihrt</span> <span class='ocrx_word' id='word_1_269' title='bbox 1213 3670 1268 3738; x_wconf 89' lang='lat' dir='ltr'>sei,</span> <span class='ocrx_word' id='word_1_270' title='bbox 1294 3670 1341 3724; x_wconf 90' lang='lat' dir='ltr'>ein</span> <span class='ocrx_word' id='word_1_271' title='bbox 1360 3669 1466 3724; x_wconf 81' lang='lat' dir='ltr'>weisses</span> <span class='ocrx_word' id='word_1_272' title='bbox 1485 3669 1564 3724; x_wconf 88' lang='lat' dir='ltr'>Haus</span> <span class='ocrx_word' id='word_1_273' title='bbox 1582 3686 1685 3724; x_wconf 88' lang='lat' dir='ltr'>nenne.</span> 
     </span>
     <span class='ocr_line' id='line_1_31' title="bbox 421 3751 1684 3827; baseline 0.003 -22"><span class='ocrx_word' id='word_1_274' title='bbox 421 3751 503 3806; x_wconf 90' lang='lat' dir='ltr'>Auch</span> <span class='ocrx_word' id='word_1_275' title='bbox 523 3752 569 3806; x_wconf 89' lang='lat' dir='ltr'>dic</span> <span class='ocrx_word' id='word_1_276' title='bbox 587 3754 723 3824; x_wconf 85' lang='lat' dir='ltr'>folgende</span> <span class='ocrx_word' id='word_1_277' title='bbox 743 3756 949 3827; x_wconf 85' lang='lat' dir='ltr'>Bahauptung‚</span> <span class='ocrx_word' id='word_1_278' title='bbox 973 3775 1004 3812; x_wconf 86' lang='lat' dir='ltr'>er</span> <span class='ocrx_word' id='word_1_279' title='bbox 1027 3758 1101 3813; x_wconf 88' lang='lat' dir='ltr'>habe</span> <span class='ocrx_word' id='word_1_280' title='bbox 1126 3757 1172 3812; x_wconf 91' lang='lat' dir='ltr'>die</span> <span class='ocrx_word' id='word_1_281' title='bbox 1192 3757 1298 3812; x_wconf 84' lang='lat' dir='ltr'>Zahlen</span> <span class='ocrx_word' id='word_1_282' title='bbox 1322 3757 1387 3811; x_wconf 91' lang='lat' dir='ltr'>dem</span> <span class='ocrx_word' id='word_1_283' title='bbox 1406 3756 1523 3811; x_wconf 74' lang='lat' dir='ltr'>Boetius</span> <span class='ocrx_word' id='word_1_284' title='bbox 1544 3755 1684 3823; x_wconf 89' lang='lat' dir='ltr'>entlehnt,</span> 
     </span>
     <span class='ocr_line' id='line_1_32' title="bbox 422 3838 1685 3914; baseline 0.002 -22"><span class='ocrx_word' id='word_1_285' title='bbox 422 3838 505 3893; x_wconf 88' lang='lat' dir='ltr'>weist</span> <span class='ocrx_word' id='word_1_286' title='bbox 528 3857 558 3894; x_wconf 90' lang='lat' dir='ltr'>er</span> <span class='ocrx_word' id='word_1_287' title='bbox 582 3842 695 3895; x_wconf 78' lang='lat' dir='ltr'>aurtick.</span> <span class='ocrx_word' id='word_1_288' title='bbox 732 3842 817 3897; x_wconf 93' lang='lat' dir='ltr'>Wohl</span> <span class='ocrx_word' id='word_1_289' title='bbox 837 3843 951 3898; x_wconf 87' lang='lat' dir='ltr'>stimme</span> <span class='ocrx_word' id='word_1_290' title='bbox 976 3861 1006 3898; x_wconf 90' lang='lat' dir='ltr'>er</span> <span class='ocrx_word' id='word_1_291' title='bbox 1028 3844 1083 3899; x_wconf 90' lang='lat' dir='ltr'>mit</span> <span class='ocrx_word' id='word_1_292' title='bbox 1101 3844 1212 3914; x_wconf 88' lang='lat' dir='ltr'>jenem‚</span> <span class='ocrx_word' id='word_1_293' title='bbox 1235 3861 1294 3898; x_wconf 84' lang='lat' dir='ltr'>was</span> <span class='ocrx_word' id='word_1_294' title='bbox 1319 3844 1368 3898; x_wconf 89' lang='lat' dir='ltr'>das</span> <span class='ocrx_word' id='word_1_295' title='bbox 1392 3842 1601 3898; x_wconf 87' lang='lat' dir='ltr'>chromatisehe</span> <span class='ocrx_word' id='word_1_296' title='bbox 1626 3843 1685 3896; x_wconf 91' lang='lat' dir='ltr'>und</span> 
     </span>
     <span class='ocr_line' id='line_1_33' title="bbox 421 3925 1685 3999; baseline 0.001 -19"><span class='ocrx_word' id='word_1_297' title='bbox 421 3925 658 3982; x_wconf 86' lang='lat' dir='ltr'>enharmonische</span> <span class='ocrx_word' id='word_1_298' title='bbox 671 3927 845 3985; x_wconf 79' lang='lat' dir='ltr'>Geschlecht</span> <span class='ocrx_word' id='word_1_299' title='bbox 863 3931 1029 3999; x_wconf 86' lang='lat' dir='ltr'>anbetreffe‚</span> <span class='ocrx_word' id='word_1_300' title='bbox 1048 3930 1176 3986; x_wconf 75' lang='lat' dir='ltr'>nberein.</span> <span class='ocrx_word' id='word_1_301' title='bbox 1207 3929 1402 3984; x_wconf 88' lang='lat' dir='ltr'>Hinsichtlich</span> <span class='ocrx_word' id='word_1_302' title='bbox 1421 3930 1470 3984; x_wconf 85' lang='lat' dir='ltr'>des</span> <span class='ocrx_word' id='word_1_303' title='bbox 1485 3928 1685 3983; x_wconf 87' lang='lat' dir='ltr'>diatonischen</span> 
     </span>
     <span class='ocr_line' id='line_1_34' title="bbox 420 4012 1684 4081; baseline 0.004 -16"><span class='ocrx_word' id='word_1_304' title='bbox 420 4012 494 4068; x_wconf 89' lang='lat' dir='ltr'>habe</span> <span class='ocrx_word' id='word_1_305' title='bbox 514 4030 544 4068; x_wconf 86' lang='lat' dir='ltr'>er</span> <span class='ocrx_word' id='word_1_306' title='bbox 562 4015 672 4071; x_wconf 86' lang='lat' dir='ltr'>sowohl</span> <span class='ocrx_word' id='word_1_307' title='bbox 690 4017 764 4070; x_wconf 91' lang='lat' dir='ltr'>nach</span> <span class='ocrx_word' id='word_1_308' title='bbox 783 4017 834 4072; x_wconf 89' lang='lat' dir='ltr'>der</span> <span class='ocrx_word' id='word_1_309' title='bbox 851 4017 934 4073; x_wconf 81' lang='lat' dir='ltr'>che</span> <span class='ocrx_word' id='word_1_310' title='bbox 953 4019 994 4073; x_wconf 86' lang='lat' dir='ltr'>als</span> <span class='ocrx_word' id='word_1_311' title='bbox 1014 4019 1088 4072; x_wconf 90' lang='lat' dir='ltr'>auch</span> <span class='ocrx_word' id='word_1_312' title='bbox 1106 4018 1180 4072; x_wconf 87' lang='lat' dir='ltr'>nach</span> <span class='ocrx_word' id='word_1_313' title='bbox 1200 4019 1251 4072; x_wconf 88' lang='lat' dir='ltr'>der</span> <span class='ocrx_word' id='word_1_314' title='bbox 1268 4017 1348 4071; x_wconf 83' lang='lat' dir='ltr'>Tiefe</span> <span class='ocrx_word' id='word_1_315' title='bbox 1368 4035 1401 4071; x_wconf 87' lang='lat' dir='ltr'>zu</span> <span class='ocrx_word' id='word_1_316' title='bbox 1420 4016 1549 4071; x_wconf 88' lang='lat' dir='ltr'>mehrere</span> <span class='ocrx_word' id='word_1_317' title='bbox 1563 4015 1684 4081; x_wconf 86' lang='lat' dir='ltr'>(Zahlen)</span> 
     </span>
     <span class='ocr_line' id='line_1_35' title="bbox 421 4098 1684 4171; baseline 0.003 -20"><span class='ocrx_word' id='word_1_318' title='bbox 421 4098 621 4171; x_wconf 78' lang='lat' dir='ltr'>hinzugefiigt‚</span> <span class='ocrx_word' id='word_1_319' title='bbox 647 4102 683 4158; x_wconf 88' lang='lat' dir='ltr'>da</span> <span class='ocrx_word' id='word_1_320' title='bbox 708 4103 769 4158; x_wconf 90' lang='lat' dir='ltr'>sein</span> <span class='ocrx_word' id='word_1_321' title='bbox 794 4104 970 4160; x_wconf 86' lang='lat' dir='ltr'>Monochord</span> <span class='ocrx_word' id='word_1_322' title='bbox 992 4104 1074 4160; x_wconf 88' lang='lat' dir='ltr'>mehr</span> <span class='ocrx_word' id='word_1_323' title='bbox 1096 4105 1173 4158; x_wconf 72' lang='lat' dir='ltr'>Titne</span> <span class='ocrx_word' id='word_1_324' title='bbox 1198 4103 1335 4159; x_wconf 88' lang='lat' dir='ltr'>euthalte.</span> <span class='ocrx_word' id='word_1_325' title='bbox 1372 4103 1441 4158; x_wconf 84' lang='lat' dir='ltr'>Was</span> <span class='ocrx_word' id='word_1_326' title='bbox 1468 4103 1514 4158; x_wconf 88' lang='lat' dir='ltr'>die</span> <span class='ocrx_word' id='word_1_327' title='bbox 1539 4101 1684 4158; x_wconf 76' lang='lat' dir='ltr'>Halbttne</span> 
     </span>
     <span class='ocr_line' id='line_1_36' title="bbox 421 4186 1685 4262; baseline 0.002 -23"><span class='ocrx_word' id='word_1_328' title='bbox 421 4186 587 4256; x_wconf 87' lang='lat' dir='ltr'>anbetreffe‚</span> <span class='ocrx_word' id='word_1_329' title='bbox 607 4206 638 4244; x_wconf 92' lang='lat' dir='ltr'>so</span> <span class='ocrx_word' id='word_1_330' title='bbox 657 4190 739 4245; x_wconf 85' lang='lat' dir='ltr'>stehe</span> <span class='ocrx_word' id='word_1_331' title='bbox 759 4207 789 4245; x_wconf 88' lang='lat' dir='ltr'>er</span> <span class='ocrx_word' id='word_1_332' title='bbox 807 4191 888 4246; x_wconf 89' lang='lat' dir='ltr'>nicht</span> <span class='ocrx_word' id='word_1_333' title='bbox 906 4209 956 4260; x_wconf 88' lang='lat' dir='ltr'>an,</span> <span class='ocrx_word' id='word_1_334' title='bbox 975 4193 1048 4246; x_wconf 86' lang='lat' dir='ltr'>statt</span> <span class='ocrx_word' id='word_1_335' title='bbox 1067 4192 1117 4246; x_wconf 85' lang='lat' dir='ltr'>der</span> <span class='ocrx_word' id='word_1_336' title='bbox 1134 4192 1342 4262; x_wconf 84' lang='lat' dir='ltr'>angegebenen</span> <span class='ocrx_word' id='word_1_337' title='bbox 1360 4191 1377 4244; x_wconf 88' lang='lat'><strong>3</strong></span> <span class='ocrx_word' id='word_1_338' title='bbox 1396 4191 1483 4246; x_wconf 88' lang='lat' dir='ltr'>deren</span> <span class='ocrx_word' id='word_1_339' title='bbox 1501 4190 1570 4244; x_wconf 73' lang='lat'>5211</span> <span class='ocrx_word' id='word_1_340' title='bbox 1588 4192 1685 4244; x_wconf 85' lang='lat' dir='ltr'>unter-</span> 
     </span>
     <span class='ocr_line' id='line_1_37' title="bbox 422 4272 1688 4344; baseline 0.003 -19"><span class='ocrx_word' id='word_1_341' title='bbox 422 4272 566 4328; x_wconf 88' lang='lat' dir='ltr'>scheiden.</span> <span class='ocrx_word' id='word_1_342' title='bbox 598 4275 650 4342; x_wconf 73' lang='lat' dir='ltr'>‘lllr</span> <span class='ocrx_word' id='word_1_343' title='bbox 668 4276 771 4331; x_wconf 91' lang='lat' dir='ltr'>nimmt</span> <span class='ocrx_word' id='word_1_344' title='bbox 789 4277 875 4332; x_wconf 88' lang='lat' dir='ltr'>hinzu</span> <span class='ocrx_word' id='word_1_345' title='bbox 894 4278 940 4333; x_wconf 89' lang='lat' dir='ltr'>dic</span> <span class='ocrx_word' id='word_1_346' title='bbox 959 4279 1103 4334; x_wconf 77' lang='lat' dir='ltr'>Halbttne</span> <span class='ocrx_word' id='word_1_347' title='bbox 1122 4280 1155 4332; x_wconf 87' lang='grc'>16</span> <span class='ocrx_word' id='word_1_348' title='bbox 1168 4296 1174 4330; x_wconf 79' lang='lat' dir='ltr'>z</span> <span class='ocrx_word' id='word_1_349' title='bbox 1188 4278 1220 4332; x_wconf 77' lang='lat'>17</span> <span class='ocrx_word' id='word_1_350' title='bbox 1240 4279 1299 4334; x_wconf 89' lang='lat' dir='ltr'>und</span> <span class='ocrx_word' id='word_1_351' title='bbox 1321 4279 1353 4330; x_wconf 80' lang='grc'>17</span> <span class='ocrx_word' id='word_1_352' title='bbox 1368 4278 1428 4332; x_wconf 76' lang='lat'>218.</span> <span class='ocrx_word' id='word_1_353' title='bbox 1467 4276 1594 4344; x_wconf 85' lang='lat' dir='ltr'>[Boetius</span> <span class='ocrx_word' id='word_1_354' title='bbox 1613 4277 1688 4330; x_wconf 54' lang='lat' dir='ltr'>lnsta</span> 
     </span>
     <span class='ocr_line' id='line_1_38' title="bbox 421 4353 1688 4429; baseline 0.003 -17"><span class='ocrx_word' id='word_1_355' title='bbox 421 4359 493 4414; x_wconf 88' lang='lat' dir='ltr'>Mus.</span> <span class='ocrx_word' id='word_1_356' title='bbox 507 4366 526 4428; x_wconf 91' lang='lat' dir='ltr'>I,</span> <span class='ocrx_word' id='word_1_357' title='bbox 546 4363 607 4429; x_wconf 83' lang='lat'><strong>16.])</strong></span> <span class='ocrx_word' id='word_1_358' title='bbox 650 4363 734 4418; x_wconf 84' lang='lat' dir='ltr'>Scine</span> <span class='ocrx_word' id='word_1_359' title='bbox 752 4364 843 4421; x_wconf 86' lang='lat' dir='ltr'>Lehre</span> <span class='ocrx_word' id='word_1_360' title='bbox 866 4383 922 4420; x_wconf 88' lang='lat' dir='ltr'>von</span> <span class='ocrx_word' id='word_1_361' title='bbox 946 4366 1002 4420; x_wconf 90' lang='lat' dir='ltr'>den</span> <span class='ocrx_word' id='word_1_362' title='bbox 1021 4366 1187 4421; x_wconf 79' lang='lat' dir='ltr'>Halbttnen</span> <span class='ocrx_word' id='word_1_363' title='bbox 1210 4367 1303 4420; x_wconf 80' lang='lat' dir='ltr'>stiitze</span> <span class='ocrx_word' id='word_1_364' title='bbox 1327 4364 1388 4419; x_wconf 90' lang='lat' dir='ltr'>sich</span> <span class='ocrx_word' id='word_1_365' title='bbox 1411 4364 1463 4419; x_wconf 87' lang='lat' dir='ltr'>auf</span> <span class='ocrx_word' id='word_1_366' title='bbox 1483 4363 1602 4418; x_wconf 87' lang='lat' dir='ltr'>Boetius</span> <span class='ocrx_word' id='word_1_367' title='bbox 1627 4353 1688 4416; x_wconf 89' lang='lat' dir='ltr'>und</span> 
     </span>
     <span class='ocr_line' id='line_1_39' title="bbox 420 4436 758 4506; baseline 0.012 -7"><span class='ocrx_word' id='word_1_368' title='bbox 420 4445 502 4501; x_wconf 92' lang='lat' dir='ltr'>nicht</span> <span class='ocrx_word' id='word_1_369' title='bbox 519 4449 572 4503; x_wconf 84' lang='lat' dir='ltr'>auf</span> <span class='ocrx_word' id='word_1_370' title='bbox 586 4436 758 4506; x_wconf 86' lang='lat' dir='ltr'>Marchctus.</span> 
     </span>
    </p>

    <p class='ocr_par' dir='ltr' id='par_1_9' title="bbox 420 4535 1687 4700">
     <span class='ocr_line' id='line_1_40' title="bbox 506 4535 1687 4605; baseline 0.003 -16"><span class='ocrx_word' id='word_1_371' title='bbox 506 4535 518 4572; x_wconf 82' lang='lat'><strong>2</strong></span> <span class='ocrx_word' id='word_1_372' title='bbox 535 4535 599 4605; x_wconf 87' lang='lat' dir='ltr'>Vgl.</span> <span class='ocrx_word' id='word_1_373' title='bbox 618 4536 634 4590; x_wconf 92' lang='lat' dir='ltr'>J</span> <span class='ocrx_word' id='word_1_374' title='bbox 640 4539 762 4592; x_wconf 88' lang='lat' dir='ltr'>oannis</span> <span class='ocrx_word' id='word_1_375' title='bbox 777 4538 906 4593; x_wconf 85' lang='lat' dir='ltr'>Gallici</span> <span class='ocrx_word' id='word_1_376' title='bbox 924 4538 995 4594; x_wconf 91' lang='lat' dir='ltr'>dicti</span> <span class='ocrx_word' id='word_1_377' title='bbox 1007 4539 1219 4596; x_wconf 74' lang='lat' dir='ltr'>Carthasiensis</span> <span class='ocrx_word' id='word_1_378' title='bbox 1233 4557 1283 4595; x_wconf 89' lang='lat' dir='ltr'>seu</span> <span class='ocrx_word' id='word_1_379' title='bbox 1296 4540 1332 4594; x_wconf 88' lang='lat' dir='ltr'>de</span> <span class='ocrx_word' id='word_1_380' title='bbox 1344 4540 1463 4594; x_wconf 86' lang='lat' dir='ltr'>Mantua</span> <span class='ocrx_word' id='word_1_381' title='bbox 1475 4539 1556 4593; x_wconf 76' lang='lat' dir='ltr'>Ritus</span> <span class='ocrx_word' id='word_1_382' title='bbox 1567 4539 1687 4594; x_wconf 74' lang='lat' dir='ltr'>cauendi</span> 
     </span>
     <span class='ocr_line' id='line_1_41' title="bbox 420 4621 1683 4700; baseline -0.001 -19"><span class='ocrx_word' id='word_1_383' title='bbox 420 4621 617 4683; x_wconf 74' lang='lat' dir='ltr'>cctuetc&#39;sst&#39;muc</span> <span class='ocrx_word' id='word_1_384' title='bbox 639 4631 663 4682; x_wconf 83' lang='lat' dir='ltr'>et</span> <span class='ocrx_word' id='word_1_385' title='bbox 679 4643 776 4696; x_wconf 71' lang='lat' dir='ltr'>mous,</span> <span class='ocrx_word' id='word_1_386' title='bbox 799 4625 849 4682; x_wconf 87' lang='lat' dir='ltr'>lib.</span> <span class='ocrx_word' id='word_1_387' title='bbox 862 4626 914 4695; x_wconf 87' lang='lat' dir='ltr'>III,</span> <span class='ocrx_word' id='word_1_388' title='bbox 938 4627 1320 4699; x_wconf 83' lang='lat' dir='ltr'>cap.1(Coussemakcr,</span> <span class='ocrx_word' id='word_1_389' title='bbox 1339 4626 1499 4700; x_wconf 85' lang='lat' dir='ltr'>Scriptores</span> <span class='ocrx_word' id='word_1_390' title='bbox 1518 4625 1571 4696; x_wconf 87' lang='lat' dir='ltr'>IV,</span> <span class='ocrx_word' id='word_1_391' title='bbox 1589 4626 1683 4691; x_wconf 65' lang='lat' dir='ltr'><strong>328bJ.</strong></span> 
     </span>
    </p>
   </div>
   <div class='ocr_carea' id='block_1_8' title="bbox 0 0 1876 5526">
    <p class='ocr_par' dir='ltr' id='par_1_10' title="bbox 0 0 1876 5526">
     <span class='ocr_line' id='line_1_42' title="bbox 0 0 1876 5526; baseline 0 0"><span class='ocrx_word' id='word_1_392' title='bbox 0 0 1876 5526; x_wconf 95' lang='lat' dir='ltr'> </span> 
     </span>
    </p>
   </div>
  </div>
 </body>
</html>
