3734 5572
974 319 1190 382 „34-

444 507 446 514 ’
530 487 714 578 Aliquando
738 497 847 558 autem
871 496 1005 577 propter
1019 495 1132 558 cantus
1148 493 1282 558 nimiam
1299 492 1545 558 diminutionem
1565 497 1715 558 cantores

441 617 640 682 mensuram,
665 622 748 684 quae
770 602 805 664 in
827 599 919 665 brevi
942 604 1012 670 erat
1035 599 1246 684 observanda,
1270 605 1395 684 ponunt
1416 601 1451 665 in
1473 600 1662 678 semibrevi‚.
1679 605 1717 666 et

444 708 564 773 sierat
592 709 625 772 in
653 706 827 774 semibrevi
855 709 1004 790 tenenda,
1034 707 1235 782 transferunt
1261 708 1352 774 illam
1378 709 1413 773 in
1435 709 1569 773 minima
1590 709 1712 792 taliter,

445 819 529 902 quod
557 816 624 881 iam
650 837 709 901 pro
737 815 852 882 maiori
879 821 971 900 parte
1000 837 1111 880 omnes
1138 821 1252 881 tenent
1275 821 1307 880 et
1330 817 1474 883 scribunt
1494 818 1529 881 in
1553 819 1715 902 composi-

441 925 531 990 tione
554 947 614 1008 pro
636 924 698 989 hoc
721 925 816 1010 signo
834 932 862 988 Θ
880 923 932 989 vel
954 923 1016 989 hcc
1035 930 1074 1006 G,
1097 925 1182 1008 quod
1204 945 1374 989 mensurae
1389 925 1515 989 morula
1528 925 1563 989 in
1578 925 1714 989 minima

443 1036 594 1098 teneatur
616 1035 754 1118 integra.
801 1031 844 1096 Et
866 1031 894 1096 si
916 1033 951 1096 in
965 1036 1078 1096 tenore
1095 1032 1223 1118 signum
1239 1032 1401 1097 diversum
1417 1033 1458 1097 ab
1474 1033 1546 1097 aliis
1562 1037 1712 1116 ponatur,

443 1145 479 1205 ut
514 1142 542 1204 si
568 1147 595 1202 Θ
612 1142 648 1226 (i)
678 1140 713 1204 in
745 1144 858 1205 tenore
889 1144 921 1204 et
948 1140 1010 1205 hoc
1036 1145 1064 1202 O
1094 1139 1128 1203 in
1155 1139 1241 1222 aliis,
1271 1139 1404 1206 minima
1430 1141 1552 1206 tenoris
1583 1145 1712 1205 tantum

441 1248 538 1332 valet,
570 1253 724 1333 quantum
756 1249 891 1314 aliarum
920 1247 1008 1313 valet
1035 1247 1235 1330 semibrevis,
1260 1249 1336 1332 quia
1357 1248 1515 1313 morulam
1537 1249 1710 1333 integram,

443 1362 475 1423 et
497 1357 525 1421 si
547 1356 581 1421 in
605 1356 676 1421 aliis
697 1357 784 1421 istud
810 1363 838 1419 O
853 1355 876 1424 2
891 1360 1038 1440 ponatur,
1064 1360 1219 1440 quantum
1241 1355 1384 1420 brevis*.
1430 1355 1473 1420 Et
1493 1356 1581 1420 istud
1603 1360 1713 1420 servat
1818 1381 1846 1411 ‚r

443 1463 672 1550 Okeghem1,
701 1464 882 1546 Busnois‚
913 1463 1042 1548 Dufay
1072 1468 1104 1528 et
1136 1463 1337 1529 Johannes
1367 1465 1410 1528 de
1439 1463 1566 1528 Monte
1599 1463 1712 1528 etalii

440 1573 503 1636 viri
525 1573 559 1636 in
582 1571 643 1637 hac
665 1572 820 1638 facultate
843 1571 968 1636 famosi.
1015 1571 1217 1637 Tinctoris
1239 1593 1317 1637 vero
1339 1572 1425 1636 viam
1448 1572 1594 1636 veritatis
1616 1572 1713 1656 igno-

440 1681 561 1743 rans**
587 1681 745 1764 quaedam
766 1682 868 1764 ponit,
886 1701 967 1764 quae
982 1680 1017 1743 in
1031 1680 1136 1743 lucem
1152 1701 1217 1745 non
1234 1684 1342 1744 essent
1357 1679 1551 1744 deducenda.
1591 1678 1712 1743 Verum

441 1786 475 1850 in
499 1787 763 1871 proportionibus
792 1788 900 1872 aliqua
927 1789 1030 1854 dicam
1060 1788 1098 1852 de
1123 1787 1183 1869 eis,
1208 1810 1249 1852 ne
1272 1791 1379 1852 rectus
1402 1788 1481 1852 ordo
1503 1785 1712 1871 perturbetur

440 1894 621 1980 ignorantis
638 1895 799 1978 opinione.
846 1895 993 1980 Namque
1017 1896 1123 1959 Busn
1133 1895 1191 1959 ois
1215 1899 1248 1959 et
1262 1895 1318 1961 isti
1333 1894 1442 1980 magni
1458 1894 1519 1958 viri
1533 1894 1711 1959 mudantur

440 2004 474 2066 in
498 2002 705 2087 antiquitate;
731 2008 763 2068 et
786 2003 869 2068 sicut
892 2004 1055 2088 quantitas
1079 2026 1118 2067 ex
1140 2025 1205 2068 uno
1232 2003 1334 2067 latere
1358 2003 1530 2068 crescendo
1554 2024 1710 2088 augmen-

439 2115 536 2193 tatur,
567 2112 613 2176 sic
641 2133 680 2176 ex
707 2111 773 2176 alio
802 2112 974 2176 dividendo
1003 2111 1167 2175 minuitur.
1215 2110 1251 2176 si
1282 2112 1367 2175 enim
1397 2111 1522 2195 antiqui
1543 2110 1710 2193 ponebant

439 2240 623 2284 mensuram
652 2220 687 2283 in
713 2219 813 2302 brevi,
843 2220 877 2286 in
898 2220 998 2306 longa
1022 2224 1054 2284 et
1079 2221 1270 2304 quandoque
1293 2221 1328 2283 in
1350 2219 1498 2301 maxima,
1522 2219 1569 2283 ita
1591 2241 1649 2284 nos
1672 2219 1708 2282 in

437 2327 537 2410 brevi,
556 2327 729 2391 semibrevi
745 2332 777 2392 et
794 2327 967 2412 aliquando
982 2327 1016 2392 in
1032 2328 1193 2392 minimal.
1230 2327 1295 2392 Sed
1312 2328 1351 2391 de
1367 2327 1524 2391 mensuris
1540 2325 1704 2391 hactenus.

438 2434 531 2499 Nunc
554 2437 593 2499 de
615 2435 814 2518 perfectione
839 2435 973 2500 aliarum
997 2436 1176 2520 specierum
1200 2435 1352 2500 dicamus.

844 2699 1086 2780 capitulum
1110 2698 1299 2768 tertium.

715 2851 760 2921 In
788 2876 863 2944 quo
891 2853 998 2946 signa
1026 2851 1183 2923 aliarum
1207 2851 1426 2945 specierum.

437 2997 634 3132 RESTAT,
661 3001 813 3084 quoniam
836 3022 945 3064 sumus
967 3022 1119 3065 numeros
1136 2999 1174 3064 'in
1198 2999 1347 3065 omnibus
1370 2998 1538 3083 speciebus
1562 2997 1703 3079 divisuri,

508 3107 687 3190 perfectum
704 3107 744 3171 ab
759 3107 951 3191 imperfecto
966 3109 1000 3172 in
1016 3109 1112 3173 modo
1128 3106 1372 3191 prolationeque
1385 3106 1569 3187 maioribus,
1588 3105 1704 3190 quibus

435 3214 547 3301 figuris
575 3215 800 3301 distinguatur,
826 3215 998 3285 declarare.
1044 3216 1114 3280 Hoc
1145 3219 1253 3279 autem
1283 3215 1399 3278 melius
1431 3234 1645 3299 assequemur,
1674 3211 1704 3274 si

434 3323 523 3407 prius
553 3345 725 3406 pausarum
753 3323 913 3405 notitiam,
943 3345 1039 3408 quam
1065 3325 1099 3387 in
1126 3324 1231 3406 prima
1259 3327 1351 3406 parte
1374 3323 1548 3406 posuimus,
1573 3315 1614 3385 ad
1629 3335 1704 3398 010·

436 3431 574 3496 moriam
596 3431 739 3496 breviter
754 3453 950 3497 revocemus.
998 3431 1142 3509 Quarum
1159 3430 1287 3516 quidem
1304 3430 1447 3514 cognitio
1463 3428 1547 3495 siout
1560 3427 1594 3491 in
1608 3429 1704 3491 notu-

436 3537 476 3602 lis
508 3539 549 3602 ab
577 3538 648 3622 ipsa
674 3537 790 3623 incipit
819 3541 975 3623 temporis
1001 3561 1114 3623 pausa,
1144 3561 1226 3623 quae
1250 3562 1269 3602 a
1291 3537 1378 3602 linea
1399 3537 1434 3600 in
1456 3536 1576 3601 lineam
1597 3537 1703 3599 totum

439 3647 579 3729 spatium
600 3645 740 3730 implens
766 3646 923 3733 figuratur
949 3647 1011 3714 hoo
1040 3647 1136 3712 modo
1159 3660 1227 3710 111.
1274 3644 1365 3722 Quae
1392 3644 1421 3709 si
1448 3645 1510 3708 duo
1537 3643 1589 3706 vel
1616 3640 1703 3706 tria3

436 3758 541 3842 spatia
564 3762 700 3842 occupet
723 3759 769 3824 sic
786 3747 890 3859 ᾗ,
913 3782 1015 3844 pausa
1037 3759 1136 3844 longa
1153 3758 1285 3838 dicitur3
1308 3757 1428 3822 sivero
1446 3759 1583 3840 quatuor
1597 3751 1703 3835 spatia

434 3921 639 4007 amplectitur
666 3921 728 3988 hoc
750 3924 847 3988 modo
865 3885 934 4028 ᾗ
958 3945 1060 4007 pausa
1083 3922 1251 4005 maximae,
1273 3921 1358 3984 ultra-
1374 3941 1469 4004 quam
1485 3917 1574 3984 nulla
1589 3916 1699 3983 maior.

520 4091 529 4126 1

438 4246 443 4257 Ι
519 4086 737 4229 2111611300
756 4175 859 4241 Aron,
881 4173 1040 4239 Tosconeth
1059 4149 1120 4242 cap.
1137 4171 1178 4239 38,
1204 4171 1296 4226 findet
1314 4169 1375 4224 sich
1395 4169 1459 4223 eine
1476 4168 1535 4222 fast
1552 4163 1700 4220 wbrtliche

433 4247 631 4330 Ubersetzung
649 4261 699 4315 der
718 4260 807 4315 Stella
830 4258 977 4318 ›Etistud
995 4262 1094 4315 servat
1110 4289 1145 4298 —
1162 4257 1305 4312 minima«
1444 4257 1456 4294 3
1473 4257 1531 4308 tres
1550 4251 1700 4306 linearum.

518 4345 533 4379 *
551 4344 656 4400 Errant
672 4347 810 4417 perfecto,
830 4346 880 4414 qui
897 4345 1064 4401 notularum
1081 4345 1290 4415 proprietatem
1306 4340 1532 4412 quantitativum
1547 4338 1657 4393 viciant
1669 4339 1701 4392 et

432 4435 618 4500 corrumpunt
637 4431 698 4487 sine
718 4449 828 4487 canone
845 4431 890 4485 vel
908 4431 1102 4500 proportione.

517 4518 549 4552 *⁴⁵
567 4517 628 4588 Ego
648 4519 765 4586 quidem
783 4517 926 4573 {linctoris
940 4517 1099 4572 doctrinam
1120 4520 1221 4585 (quam)
1240 4511 1341 4570 horum
1354 4515 1544 4570 deductorum
1558 4509 1701 4574 saniorem

431 4601 495 4671 ipsa
513 4603 692 4673 experientia
711 4605 808 4672 didici,
828 4621 1002 4673 quamquam
1018 4604 1124 4658 multas
1138 4602 1199 4657 eius
1213 4601 1374 4658 sententias
1387 4599 1510 4655 iuridice
1522 4593 1700 4666 impugnavi.
