3734 5572
960 423 1195 489 -102-

437 621 507 666 non
530 597 666 666 haberet
687 596 818 664 tertiam
840 596 995 681 mediam,
1024 619 1106 682 quae
1132 597 1236 664 maior
1262 598 1303 663 ad
1329 596 1518 663 inferiorem
1540 601 1580 665 et
1606 598 1709 664 minor

440 709 484 776 sit
507 709 547 774 ed
571 705 778 792 superiorem,
802 705 894 773 utin
916 710 1009 791 parte
1025 705 1162 772 diximus
1185 707 1325 772 secunda
1346 710 1487 771 tractatu
1508 705 1606 771 tertio
1622 728 1709 772 com-

442 815 622 902 positionis.
661 813 727 881 Sed
741 813 804 881 hoc
818 835 884 879 non
900 814 1017 897 obstat,
1042 815 1127 898 quia,
1151 835 1224 879 cum
1245 814 1303 878 illa
1324 813 1453 900 phrygii
1468 813 1511 878 sit
1532 813 1705 896 incitativa,

441 946 508 991 non
534 922 644 1007 refert,
675 923 703 988 si
732 922 830 988 tertia
857 927 965 987 careat
991 921 1098 986 media
1128 921 1180 986 vel
1194 921 1236 986 si
1261 921 1365 988 maior
1393 922 1434 986 ad
1456 921 1655 1006 superiorem
1678 927 1708 987 et

439 1031 546 1097 minor
567 1034 707 1116 ponetur
729 1031 770 1096 ad
790 1029 986 1095 inferiorem.

528 1138 667 1218 Quidam
689 1159 766 1204 vero
789 1138 935 1203 volentes
959 1139 1086 1224 utrique
1110 1136 1297 1204 satisfacere
1319 1137 1405 1221 parti
1431 1135 1535 1202 aliam·
1557 1136 1706 1202 chordam
1840 1187 1841 1190 η

438 1247 526 1313 inter
551 1245 682 1312 tertiam
708 1232 727 1308 l
749 1247 828 1311 etla
859 1244 1072 1328 interserunt,
1107 1267 1203 1330 quam
1238 1267 1256 1310 a
1287 1245 1386 1310 tertia
1411 1229 1428 1305 l
1451 1267 1510 1329 per
1540 1246 1707 1310 commatis

440 1354 582 1440 spatium
602 1353 721 1419 distare
743 1352 877 1419 faciunt.
915 1353 985 1418 Hoc
1007 1356 1117 1418 tamen
1132 1374 1198 1418 non
1219 1352 1370 1416 laudatur
1384 1355 1517 1436 propter
1538 1352 1609 1436 hoc,
1634 1353 1707 1437 quia
1840 1405 1841 1446 ᾖ

442 1467 528 1528 esset
549 1466 625 1528 tunc
648 1461 736 1526 aliud
762 1483 865 1548 genus
887 1458 1023 1526 mixtum
1051 1466 1084 1526 et
1105 1481 1171 1525 non
1202 1459 1400 1525 diatonicum
1430 1459 1576 1544 simplex.
1622 1460 1707 1524 Tri·
1840 1451 1841 1498 l

439 1574 576 1636 stanus
604 1575 699 1635 vero1
728 1569 771 1634 de
805 1567 930 1649 Silva,
965 1568 1087 1632 amicus
1115 1572 1239 1651 noster,
1272 1567 1359 1632 inter
1387 1568 1410 1652 f
1434 1572 1468 1632 et
1495 1568 1707 1646 secundam&¹

441 1677 538 1743 aliam
561 1676 714 1744 chordam
742 1676 871 1742 dicebat
899 1697 970 1742 esse
998 1675 1275 1758 interponendam.
1326 1675 1381 1741 Sic
1413 1679 1446 1739 et
1472 1697 1532 1759 per
1556 1696 1706 1740 numeros

440 1806 475 1851 se
505 1785 695 1870 reppe-(pag.
713 1782 838 1867 eelrisse
866 1783 1056 1848 testabatur.
1118 1782 1287 1848 Credimus
1317 1783 1418 1866 enim,
1454 1804 1544 1848 error
1575 1783 1625 1847 illi
1661 1782 1707 1847 sic

441 1893 618 1976 emerserit,
641 1896 677 1957 ut
692 1891 724 1976 F,
742 1911 823 1975 quae
839 1894 920 1956 vox²
934 1891 1045 1957 addite
1060 1889 1122 1956 fuit
1137 1913 1157 1956 a
1170 1891 1301 1975 nostrie,
1324 1891 1394 1956 fore
1410 1891 1602 1956 crediderit³
1616 1913 1708 1976 pros-
1840 1919 1841 1952 l

437 2001 719 2066 lambanomenon.
765 1998 878 2085 Neque
900 1998 1002 2080 igitr
1022 1997 1085 2064 hoo
1106 2021 1212 2084 neque
1237 1999 1319 2064 illud
1344 1999 1380 2063 in
1403 1999 1565 2064 diatonico
1587 2021 1706 2086 genere

438 2112 551 2175 nostro
585 2107 821 2174 admittendum
854 2129 925 2172 esse
959 2107 1163 2173 arbitramur.
1215 2107 1301 2172 Nam
1330 2112 1408 2172 tunc
1439 2107 1476 2172 in
1505 2107 1599 2171 illum
1627 2108 1708 2173 inei-

440 2217 588 2283 deremus'
618 2237 775 2300 errorem,
796 2215 840 2280 in
868 2237 964 2301 quem
991 2215 1234 2282 Timotheum
1256 2215 1419 2280 Milesium
1440 2219 1525 2280 teste
1547 2216 1706 2280 Boetio⁴

436 2323 590 2390 incidisse
605 2323 744 2410 legimus
755 2344 858 2409 genus
873 2323 998 2388 scilieet
1013 2323 1210 2390 diatonicum
1224 2324 1260 2388 in
1270 2323 1512 2406 chromaticum,
1529 2325 1615 2408 quod
1625 2323 1708 2388 mol-

436 2430 520 2497 liusl
534 2435 594 2516 est,
609 2435 860 2514 convertentem,
876 2437 1010 2517 propter
1025 2432 1111 2516 quod
1125 2431 1218 2496 illum
1228 2431 1478 2498 Lacedaemonii
1494 2432 1534 2496 de
1546 2432 1707 2496 Laconica

438 2561 575 2626 exegere
605 2539 751 2622 civitate,
782 2539 934 2626 quoniam
963 2561 1137 2624 puerorum
1160 2540 1300 2619 animos,
1332 2562 1413 2624 qnos
1435 2544 1605 2624 acceperat
1633 2561 1708 2604 eru-

437 2647 581 2731 diendos,
605 2646 790 2713 officiebat⁸
812 2651 845 2712 et
867 2669 886 2713 a
908 2647 1037 2712 virtutis
1058 2647 1219 2713 modestia
1245 2648 1287 2712 ad
1306 2646 1481 2712 mollitiem
1507 2646 1707 2711 declinantes

438 2755 640 2822 effeminatos
677 2754 849 2820 efficiebat.
904 2755 980 2821 Non
1010 2755 1113 2842 igitur
1143 2750 1271 2820 tantum
1304 2754 1480 2819 utilitatem
1515 2754 1574 2818 illa
1608 2755 1708 2820 tertia

436 2861 544 2928 media
570 2861 665 2928 nobis
695 2862 838 2946 adducit,
869 2867 1023 2947 quantam
1048 2863 1299 2948 discrepantiam
1325 2869 1422 2948 atque
1450 2863 1643 2928 discordiam
1668 2864 1708 2926 in

435 2975 508 3036 toto
545 2968 659 3035 ordine
696 2971 861 3055 provenit,
907 2993 980 3036 oum
1014 2993 1120 3057 neque
1157 2973 1332 3038 seeundum
1375 2971 1557 3036 naturalem
1598 2995 1707 3056 neque

436 3077 613 3142 secundum
634 3076 776 3163 aliquem
798 3078 1032 3145 accidentalem
1055 3079 1202 3144 ordinem
1226 3080 1286 3144 illo
1307 3080 1415 3163 modo⁷
1442 3085 1481 3143 nt
1500 3079 1556 3144 isti
1583 3079 1706 3161 dicunt,

436 3183 622 3250 collocetur.
667 3185 733 3251 Sed
755 3185 1075 3252 conchatorum.
1121 3187 1247 3276 (Melius
1273 3193 1384 3253 tamen
1405 3187 1502 3272 primi
1523 3193 1706 3270 senuerunt⁷

435 3291 527 3357 euius
548 3291 720 3358 ueritatem
741 3293 777 3358 in
798 3295 948 3380 sequenti
968 3295 1133 3360 volumine
1160 3295 1353 3360 firmissimis
1374 3314 1583 3360 numerorum
1603 3296 1709 3360 ratio-

434 3399 531 3466 nibus
554 3400 815 3484 enueleabimus.)
852 3403 947 3468 Nunc
969 3407 1079 3468 autem
1094 3403 1289 3490 epilogando
1309 3404 1494 3489 supradicta
1514 3403 1590 3468 hnic
1612 3405 1708 3487 operi

433 3507 531 3574 finem
551 3507 782 3593 imponamusl.

522 3740 625 3793 ¹varo.
833 3738 1107 3807 ²A81roxquae.
1315 3740 1565 3795 ³A81eredirlit

519 3825 620 3880 elnae.
638 3824 712 3880 llus.
730 3825 780 3883 1.r
801 3825 855 3888 (ed.
867 3824 1023 3885 Friedlein.
1040 3826 1240 3896 p.183411ff.,.

518 3910 750 3968 enelamur.
957 3912 1174 3968 tauream.

519 3998 531 4034 ἵ
548 3995 603 4052 Die
619 3996 711 4054 Stella
732 3997 875 4053 (tulimus
891 3999 965 4053 euim
984 4018 1062 4053 eruar
1077 4029 1113 4040 -
1131 4000 1185 4060 Sed
1200 4001 1232 4054 dc
1248 4001 1294 4054 aa
1311 4001 1441 4054 hortanus
1458 4000 1549 4054 findet
1566 4000 1629 4054 sich

431 4081 465 4137 in
482 4081 563 4140 nel.
580 4083 632 4139 der
648 4083 785 4154 fulgendo
803 4085 1059 4155 eingeklammerte
1077 4085 1143 4140 Sata
1160 4104 1216 4141 nur
1231 4087 1263 4140 in
1280 4087 1307 4140 Δ
1317 4086 1360 4140 eu

517 4171 532 4210 ⁸
547 4169 618 4226 aul
635 4170 825 4242 imponemus.
