3742 5528
867 293 1153 358 ·-ra-

413 468 545 555 cognitu
579 467 771 534 suavissima
803 463 975 553 reperient.
1029 459 1120 545 Quae
1154 467 1182 532 si
1215 489 1314 552 parvo
1347 458 1443 532 huius
1475 458 1579 553 primi·
1604 470 1683 535 libri

412 575 574 642 volumine
595 572 872 640 conclusissemus
880 579 900 654 1,
931 575 1110 641 doctrinam
1138 575 1293 640 fecissent
1322 577 1579 660 impeditiorem
1620 577 1682 642 His

411 684 512 769 igitur
537 675 677 748 dimissis¹
700 684 741 747 ad
762 682 932 768 reliquum,
956 687 992 747 ut
1013 677 1151 767 polliciti
1174 705 1292 767 sumus,
1317 683 1463 749 naturale
1485 685 1683 750 instrumen-

412 797 481 857 tum
505 792 721 856 deveniemus.

712 1059 713 1062 Ἴ
792 1055 1034 1176 capitulum
1060 1095 1300 1177 septimum.

496 1246 711 1339 Copulandi
738 1270 868 1317 vocem
896 1271 981 1318 curn
1007 1247 1253 1318 instrumento
1281 1247 1412 1318 modus
1440 1247 1596 1319 subtilis.

369 1493 383 1514 ἱ
414 1413 575 1548 MULTI
599 1413 746 1478 volentes
768 1434 828 1480 nos
851 1412 912 1478 hac
934 1413 1080 1478 imbuere
1104 1413 1249 1478 doctrina
1273 1435 1320 1497 aa,
1345 1435 1426 1498 quae
1449 1417 1525 1478 sunt
1546 1436 1683 1498 praepo·

493 1522 608 1604 nenda,
622 1579 623 1583 ,
632 1525 833 1606 postponunt
855 1525 889 1588 et
905 1543 921 1584 e
938 1521 1111 1585 contraite
1127 1520 1222 1604 quod,
1247 1521 1374 1605 quando
1395 1521 1517 1606 aliquid
1539 1521 1683 1586 futurum

417 1655 455 1696 ex
484 1631 577 1695 dictis
606 1629 744 1712 probare
772 1628 935 1696 voluerint
962 1633 995 1693 et
1017 1650 1051 1706 se
1082 1628 1120 1692 de
1150 1628 1207 1693 illo
1230 1628 1310 1693 locis
1339 1629 1456 1694 debitia
1486 1630 1684 1695 mentionem

414 1737 538 1806 nullam
567 1736 684 1802 fecisse
715 1736 932 1820 perpendunt,
963 1736 1049 1814 alibi,
1078 1737 1135 1800 ubi
1163 1735 1269 1800 minus
1298 1737 1446 1821 quadrat,
1476 1737 1556 1800 illud
1584 1738 1684 1803 inter·

417 1849 537 1910 serunt.
583 1845 664 1908 Inde
697 1866 774 1930 ergo
802 1843 880 1910 illa2
911 1844 1057 1908 doctrina
1088 1835 1165 1929 ‘inst
1188 1845 1255 1908 sive
1288 1845 1425 1908 materia
1445 1843 1602 1922 informis
1631 1845 1684 1909 vel

417 1953 515 2018 chaos
539 1952 666 2036 dicitur,
690 1951 845 2018 confusio.
885 1951 954 2016 Nos
978 1955 1086 2024 autam
1109 1974 1174 2017 non
1197 1951 1242 2016 sic
1265 1953 1504 2036 procedendum
1522 1956 1683 2036 putemne,

418 2062 483 2144 sed,
509 2061 779 2146 quemadmodum
803 2083 841 2124 ex
867 2082 932 2124 uno
956 2059 990 2124 in
1013 2060 1101 2124 aliud
1128 2058 1255 2125 facilius
1280 2061 1351 2144 quis
1379 2061 1452 2126 duci
1478 2065 1595 2144 potest,
1624 2083 1684 2126 nos

416 2169 654 2255 intelligentiae
692 2169 881 2250 servientes¹¹
904 2168 1015 2234 ordine
1054 2168 1242 2252 disciplinae
1281 2169 1585 2234 convenientissimo
1622 2171 1686 2234 ista

417 2277 619 2363 digessimus,
666 2276 759 2342 Unde
782 2277 851 2340 viso
875 2277 935 2341 suh
957 2276 1112 2341 mediocri
1135 2276 1329 2362 cognitione,
1360 2277 1445 2360 quod
1469 2281 1537 2340 arte
1564 2276 1685 2342 factum

419 2390 477 2469 est,
500 2368 716 2449 instrumento
739 2383 887 2448 volumus
909 2384 1056 2448 naturale
1083 2406 1142 2466 per
1163 2383 1250 2448 istud
1275 2382 1454 2448 elevatione
1484 2384 1631 2450 ordinata
1655 2389 1687 2449 et

420 2491 622 2575 depositione
657 2491 801 2556 limatius
836 2492 971 2556 erudire.
1026 2495 1057 2573 (A
1078 2507 1110 2558 80
1135 2521 1195 2570 pag.
1215 2497 1255 2574 16)
1285 2492 1409 2557 Idcirco
1438 2514 1617 2574 monemus,
1650 2497 1687 2556 ut

421 2604 533 2665 teneat
556 2600 699 2682 dis-(Ast
718 2603 916 2682 pag.1o)oens
946 2622 965 2664 a
993 2599 1088 2664 nobis
1116 2597 1238 2664 factum
1267 2605 1341 2664 ante
1370 2622 1405 2664 se
1434 2599 1685 2664 monochordum

420 2708 668 2791 percutiensque
692 2706 845 2772 chordam
866 2728 979 2772 vocem
1003 2707 1130 2772 emittat
1151 2707 1201 2771 illi
1223 2708 1402 2772 unisonam.
1440 2695 1566 2772 Deinde
1582 2706 1685 2794 digito

423 2817 626 2900 superposito
648 2815 682 2880 in
706 2815 846 2880 secunda
873 2814 983 2880 littera
1011 2815 1135 2879 scilicet
1157 2816 1175 2879 h
1198 2817 1412 2899 comprimens
1436 2814 1587 2880 chordam
1614 2837 1687 2880 cum

420 2922 517 3008 ligno
534 2922 781 3007 percutiensque
799 2924 943 3007 desuper
966 2922 1119 2988 chordam
1142 2923 1213 2988 soni
1229 2923 1417 3006 qualitatem
1441 2927 1547 3004 notet;
1572 2923 1686 2988 deinde

420 3031 490 3120 ipse
516 3052 629 3096 vocem
658 3032 784 3117 emittat
812 3029 951 3095 chordae
980 3052 1060 3095 sono
1089 3031 1259 3096 unisonam
1288 3035 1320 3095 et
1347 3031 1523 3116 aequalem.
1569 3030 1613 3095 Et
1641 3031 1687 3096 sio

421 3139 564 3203 seriatim
587 3161 645 3222 per
669 3137 748 3203 alias
771 3138 897 3202 litteras
921 3140 1097 3203 ascendens
1112 3160 1213 3222 usque
1238 3139 1278 3203 ad
1300 3160 1411 3202 mesen
1425 3159 1537 3202 vocem
1561 3138 1688 3202 emittat

423 3268 460 3310 ao
484 3247 597 3310 eodem
619 3247 715 3310 modo
738 3245 892 3312 remittat
940 3245 993 3311 Sic
1024 3247 1173 3311 animab
1200 3267 1391 3331 unaqueque
1418 3245 1527 3309 littera
1550 3247 1590 3309 ad
1620 3244 1687 3326 eius

377 3419 385 3428 ,
422 3353 699 3440 octavam-facere
722 3355 851 3437 poterit.
891 3352 956 3418 Sed
979 3353 1131 3438 quoniam
1154 3357 1282 3438 oportet
1306 3353 1523 3418 addiscentem
1547 3354 1691 3435 credere,

424 3460 571 3539 volumus
602 3461 793 3547 erudiendos
818 3461 1008 3546 quibusdam
1037 3461 1165 3546 legibus
1188 3465 1352 3526 coarctare
1380 3461 1435 3542 ita,
1468 3461 1553 3544 quod
1581 3483 1690 3547 nona

422 3568 535 3656 quavis
545 3619 546 3624 1
557 3568 667 3654 littera
683 3570 794 3656 sedda
816 3569 925 3634 littera
940 3591 957 3633 c
972 3591 1072 3653 usque
1089 3570 1129 3633 ad
1145 3569 1232 3633 aliud
1254 3591 1271 3633 c
1291 3568 1444 3654 inchoare
1459 3568 1688 3652 praecipimus,

422 3698 482 3740 neo
504 3679 641 3764 tangept
662 3676 802 3759 primum
826 3687 841 3754 t
864 3677 921 3742 sed
943 3678 1118 3764 secuudum
1137 3667 1166 3761 l,
1192 3677 1277 3762 quod
1299 3679 1376 3740 tono
1401 3676 1498 3740 distat
1521 3676 1689 3741 abatem

316 3859 319 3866 Ι
423 3785 458 3847 in
481 3805 616 3848 ascensu
640 3807 736 3868 quam
758 3784 792 3846 in
817 3784 982 3849 descensu.
1029 3784 1094 3850 Sed
1117 3786 1202 3849 dicet
1225 3783 1309 3868 quis:
1340 3784 1416 3868 quid
1437 3783 1599 3867 proferam
1622 3806 1687 3865 ore,

423 3892 557 3956 verbum
581 3915 622 3956 an
640 3881 764 3956 'sonum
792 3896 939 3956 tantum‘l
973 3892 1131 3971 Dicimus,
1162 3893 1247 3976 quod
1274 3913 1339 3956 non
1368 3891 1469 3956 refert
1497 3891 1601 3978 prima
1628 3912 1689 3954 neo

422 3999 663 4082 secundariae,
689 4004 796 4063 utrum
818 4000 951 4064 duorum
974 4000 1103 4076 feceris3
1128 4001 1185 4064 sed
1208 4000 1311 4064 solum
1335 4021 1431 4064 sonos
1454 4003 1628 4064 connotare
1652 4020 1688 4063 ao

1485 4193 1689 4202 ...μ-

447 4327 771 4382 .«.,100nelusisamus.
925 4369 926 4372 η
951 4361 953 4367 ,
976 4312 989 4354 ³
1064 4329 1065 4332 ’

454 4415 457 4424 ’
510 4413 693 4478 ²A80ista.

434 4499 586 4554 :wana
636 4543 640 4549 ,
834 4519 849 4548 ‚4
1118 4542 1129 4547 ,.
1170 4541 1173 4546 ,

509 4586 618 4641 ⁴A80
635 4586 755 4642 scilieet.
1005 4627 1008 4634 Δ
1229 4611 1230 4618 ¹
1257 4627 1260 4634 ·
