3734 5572
962 319 1175 384 -64-

429 492 584 575 'quoniam
608 489 739 557 omnino
762 491 848 556 eirea
870 491 1047 576 practicam
1068 497 1246 577 versantur,
1277 494 1378 558 etita
1405 494 1568 560 lacticinia
1595 515 1707 560 come-

433 599 546 664 dentes
569 600 610 664 ad
631 599 722 666 cibos
746 600 891 665 duriores
914 600 1121 666 adducentur.

517 705 578 772 His
599 705 701 794 igitur
723 707 769 773 sic
792 709 940 794 cognitis,
969 709 998 773 si
1020 733 1040 773 a
1062 731 1263 794 quacumque
1285 711 1465 794 specierum
1494 713 1561 776 sive
1588 731 1706 777 conso-

431 817 615 884 nantiarum
638 821 786 881 octavam
807 816 1041 883 intenderimus
1063 815 1116 882 rel
1143 818 1371 900 remiserimus,
1400 819 1534 884 eandem
1561 819 1704 902 speciem

422 922 502 1006 'sine
530 923 633 1010 dubio·
656 925 912 1009 procreabimus,
948 926 1102 1009 quoniam
1134 948 1230 1010 saepe
1265 925 1386 992 dictum
1419 931 1468 990 est
1500 931 1603 991 totum
1631 947 1704 991 esse

422 1037 623 1098 'concentum
647 1031 811 1117 diapason.
859 1031 1022 1117 Quidquid
1043 1033 1146 1119 igitur
1166 1034 1207 1098 de
1228 1034 1342 1118 prima,
1372 1039 1405 1098 et
1426 1036 1466 1099 de
1491 1035 1560 1098 eius
1589 1039 1704 1099 octava

432 1139 582 1204 similiter
596 1141 668 1205 erit.
707 1139 826 1206 Differt
840 1146 949 1205 tamen
967 1141 1003 1204 iu
1024 1141 1097 1225 hoc,
1122 1142 1197 1225 quia
1220 1143 1345 1206 acutius
1369 1147 1424 1207 aut
1446 1142 1575 1228 gravius
1598 1145 1702 1206 sonat.

425 1245 503 1312 En's
529 1247 631 1334 igitur
658 1253 772 1314 octava
801 1249 885 1314 sicut
910 1249 996 1329 fons,
1031 1270 1119 1313 nona
1150 1249 1233 1314 sicut
1265 1251 1417 1333 secunda,
1452 1252 1576 1314 decima
1601 1249 1703 1313 veluti

430 1357 537 1439 tertia,
562 1357 731 1444 undecima
747 1358 831 1422 sicut
846 1363 970 1441 quarta,
996 1358 1186 1422 duodecima
1204 1358 1293 1422 velut
1315 1359 1436 1442 quinta,
1459 1359 1557 1422 tertia
1580 1357 1703 1421 decima

321 1535 323 1540 ,
423 1465 516 1530 'sicut
531 1469 630 1530 sexta.
670 1465 735 1530 Sed
752 1465 1007 1549 decimaquarta
1030 1465 1192 1549 discrepat
1213 1470 1250 1529 ut
1271 1467 1418 1550 septima,
1444 1466 1567 1530 decima
1590 1466 1703 1549 quinta

432 1574 622 1657 aequisonat
645 1573 728 1637 sicut
751 1577 874 1638 octava.
920 1573 1043 1638 Eodem
1065 1574 1162 1638 modo
1193 1597 1212 1637 a
1239 1574 1364 1638 decima
1393 1573 1505 1658 quinta
1532 1594 1633 1657 usque
1661 1573 1701 1636 ad

422 1681 619 1745 'vicesimam
635 1681 809 1745 secundam
831 1681 1015 1745 faciendum
1039 1685 1096 1745 est.
1136 1681 1178 1744 Et
1200 1682 1247 1746 sie
1269 1685 1396 1745 tantum
1419 1687 1557 1764 quatuor
1578 1682 1701 1764 species

420 1781 507 1852 ¹sunt
534 1786 720 1852 differentes
751 1810 925 1871 consonae,
957 1811 1038 1873 quae
1068 1811 1128 1872 per
1153 1789 1309 1872 diapason
1338 1794 1547 1874 augmentum
1574 1789 1701 1871 saepius

434 1895 641 1979 replicantur.
683 1895 893 1961 Vocabuntur
915 1902 1023 1961 autem
1045 1897 1168 1981 primae
1192 1896 1362 1979 simplices
1388 1897 1471 1960 aliae
1494 1896 1701 1981 compositae,

430 2004 547 2068 tertiae
570 2002 819 2088 decompositae,
844 2007 881 2068 ut
902 2009 994 2087 patet
1014 2006 1049 2069 in
1071 2004 1183 2091 figura.

421 2119 425 2122 ’
517 2113 631 2196 Itaque
648 2113 676 2176 si
692 2112 816 2196 species
833 2134 945 2177 creans
965 2112 1095 2177 dissona
1113 2116 1162 2177 est
1182 2113 1236 2176 rel
1257 2112 1401 2197 perfecta
1424 2117 1480 2177 aut
1501 2111 1699 2196 imperfecta,

418 2212 465 2286 'et
490 2226 668 2305 procreata.
722 2221 790 2285 Ista
822 2225 930 2286 autem
959 2221 1141 2305 procreatio
1173 2222 1455 2286 consonantiarum
1490 2221 1702 2285 secundarum

433 2333 496 2408 est;
528 2329 781 2413 quandocunque
807 2333 856 2393 est
879 2328 975 2392 altior
997 2332 1093 2392 cantu
1115 2329 1212 2412 plano
1236 2328 1369 2412 species
1399 2352 1417 2392 a
1441 2351 1503 2413 qua
1524 2327 1702 2392 intenditur

431 2443 555 2520 octava,
579 2437 631 2501 vel
651 2438 710 2501 sub
735 2437 858 2518 eodem,
883 2437 1011 2521 quando
1032 2420 1216 2500 remittitur.
1257 2436 1322 2501 Sed
1346 2437 1431 2520 quid,
1455 2435 1561 2500 sitiat
1585 2458 1601 2499 e
1625 2457 1701 2500 con·

430 2567 535 2630 verso,
558 2545 620 2610 hoc
637 2548 694 2624 est,
720 2540 783 2608 sia
806 2545 913 2628 specie
936 2543 1082 2609 inferiori
1104 2545 1291 2609 intendatur
1313 2545 1468 2628 diapason
1492 2543 1543 2608 vel
1566 2567 1585 2608 a
1607 2565 1702 2626 supe-

430 2655 508 2720 riori
535 2653 742 2719 remittatur‘?
793 2651 987 2732 Dicendum,
1024 2653 1108 2735 quod
1142 2676 1160 2716 a
1186 2654 1284 2716 tertia
1311 2656 1402 2716 sexta
1436 2652 1586 2734 provenit
1617 2655 1650 2714 et
1683 2673 1702 2714 a

419 2777 422 2784 ”
431 2768 522 2828 sexta
544 2762 641 2826 tertia
666 2765 697 2825 εὴ
721 2785 739 2825 a
763 2762 874 2845 quinta
902 2762 1055 2844 quarta*;
1088 2760 1225 2845 ideoque
1254 2761 1351 2824 tertia
1380 2764 1413 2824 et
1440 2763 1530 2824 sexta
1558 2759 1701 2823 eiusdem

431 2874 506 2934 sunt
536 2869 745 2950 condicionis
783 2867 935 2952 quoniam
962 2867 1228 2951 imperfectae**.
1283 2867 1348 2932 Sed
1377 2868 1489 2951 quinta
1522 2870 1554 2930 et
1586 2870 1700 2949 quarta

431 2979 570 3042 maxime
598 2977 871 3058 conveniunt***,
906 2976 944 3040 de
973 2998 1035 3059 quo
1064 2976 1097 3039 in
1124 2974 1278 3040 theoricis
1305 2975 1433 3039 nostris.
1487 2973 1551 3038 Sed
1579 2974 1613 3036 in
1639 2972 1701 3036 hoc

431 3091 503 3170 (pag.
521 3086 564 3170 53)
579 3084 753 3167 volumine,
776 3083 903 3168 quando
920 3084 958 3147 de
974 3083 1120 3167 pluribus
1143 3083 1276 3148 vocibus
1298 3083 1517 3161 tractabimus
1543 3081 1700 3146 dicturum

431 3217 483 3260 me
509 3193 674 3278 polliceor.
721 3193 771 3256 Ad
797 3214 951 3274 praesens
979 3196 1087 3256 autem
1114 3191 1157 3255 sit
1184 3192 1262 3255 satis
1294 3192 1390 3274 seire,
1419 3191 1523 3274 quod¹
1545 3193 1700 3273 quantum

432 3303 544 3386 quinta
572 3301 672 3365 habet
699 3299 921 3384 perfectionis,
950 3303 1077 3362 tantum
1105 3303 1219 3382 quarta
1247 3299 1288 3362 ad
1318 3298 1550 3364 dissonantiam
1578 3297 1701 3362 accedit

425 3415 464 3475 ’εὴ
488 3433 506 3474 a
529 3407 747 3474 consonantiis
771 3408 901 3471 recedit.
945 3406 1044 3489 Sicut,
1070 3407 1197 3490 quando
1221 3411 1311 3471 sexta
1335 3429 1374 3470 ex
1396 3408 1492 3470 tertia
1513 3409 1700 3490 procreatur

432 3523 464 3584 et
488 3541 504 3581 e
528 3521 649 3598 contra,
673 3515 701 3579 si
724 3537 836 3580 creans
861 3519 910 3579 est
931 3515 1042 3596 maior,
1074 3519 1182 3578 creata
1208 3516 1359 3599 provenit
1388 3517 1493 3578 minor
1521 3518 1553 3578 et
1582 3537 1598 3577 e
1626 3535 1701 3577 con-

430 3647 532 3707 verso,
557 3623 644 3688 idem
667 3645 793 3707 quoque
810 3623 849 3686 dc
867 3621 1084 3705 dissonantiis,
1109 3623 1184 3705 quia
1200 3645 1219 3685 a
1235 3623 1375 3686 secunda
1391 3622 1527 3705 septima
1543 3621 1699 3685 formatur

431 3737 463 3798 et
487 3755 503 3797 e
528 3736 647 3797 contra.
688 3730 753 3795 Sed
770 3731 797 3793 si
819 3731 923 3794 maior
946 3733 995 3794 est
1011 3752 1132 3811 creans,
1159 3730 1220 3794 erit
1235 3732 1341 3794 minor
1364 3735 1471 3794 creata
1495 3734 1527 3794 et
1543 3751 1560 3793 e
1576 3735 1696 3794 eontra.

517 4009 620 4076 1quia.

432 4157 435 4162 Ι
516 4096 531 4130 *
551 4095 657 4161 Quinta
677 4088 711 4148 etv
726 4097 829 4161 quarta
847 4093 970 4148 multum
989 4093 1139 4159 differunt;
1158 4110 1224 4147 nam
1243 4111 1300 4146 una
1319 4096 1457 4148 consonat
1475 4110 1527 4162 per
1546 4110 1576 4148 se
1596 4091 1700 4147 etalio

413 4181 562 4236 'dissonat
578 4193 630 4250 p'er
649 4197 679 4234 se
699 4181 818 4247 seilicet,
839 4179 906 4234 dum
925 4179 1096 4248 simpliciter
1116 4179 1303 4234 deducuntur.

516 4268 548 4302 *¹*
567 4267 627 4337 Ego
650 4269 747 4322 autem
766 4267 796 4320 in
815 4267 903 4321 tertio
921 4267 1049 4320 Pretiosa
1067 4269 1190 4334 nostrae,
1210 4266 1261 4334 qui
1281 4255 1505 4336 eontrapunctus
1523 4265 1697 4330 inscribitur,

430 4354 633 4409 consonantias
662 4353 828 4408 huiusmodi
856 4353 983 4407 ternaria
1014 4351 1135 4406 distinxi
1163 4353 1373 4422 progressione.
1415 4352 1496 4407 Alias
1523 4351 1612 4408 etiam
1635 4343 1698 4405 dico

429 4439 582 4510 perfectas,
595 4441 666 4495 alias
680 4439 864 4509 imperfectas
877 4439 1007 4507 aliasque
1020 4439 1129 4492 medias
1143 4439 1364 4493 auctoritatibus
1380 4440 1559 4506 quorundam
1570 4441 1700 4494 veterum

431 4529 460 4581 et
478 4527 577 4581 multis
598 4527 700 4580 ductus
719 4525 889 4580 rationibus.
1163 4591 1165 4595 ,

516 4613 565 4647 ***
584 4611 638 4666 Hic
656 4611 851 4681 pulcherrima
869 4614 899 4666 et
917 4611 1005 4682 longa
1023 4611 1196 4678 subtilisque
1217 4609 1376 4680 disputatio
1395 4611 1531 4668 nascitur.

1848 746 1860 1111 ι
