3742 5528
686 337 897 402 „35-

157 511 200 575 sit
226 511 275 574 mi
299 510 442 596 aequalis
470 533 532 576 vox
557 511 621 596 ipsi
646 531 681 575 re
706 511 861 578 naturalis
889 512 955 598 [sol.

157 619 299 704 ordinis],
323 618 524 704 relinquitur,
551 620 635 704 quod
657 620 694 703 fo
716 642 787 705 vox,
813 643 894 706 quae
916 616 956 684 ab

155 726 220 792 ista
234 748 312 792 voce
335 729 384 791 mi
405 727 558 812 sequitur,
581 750 647 794 non
670 728 810 814 attinget
830 730 879 792 nei
899 752 957 794 na-

155 835 270 900 turalis
294 835 423 919 ordinis,
449 858 521 900 cum
543 837 600 901 illa
623 836 830 901 semitonium
859 837 958 902 faciat

157 947 190 1007 et
216 944 280 1007 ista
306 947 419 1008 tonum
446 944 603 1010 intendat.
647 945 820 1009 Praeterea
843 967 915 1009 cum
938 967 957 1008 a

155 1052 173 1114 b
188 1053 238 1114 mi
252 1052 292 1115 ad
307 1073 323 1116 c
337 1053 428 1136 fa-at
442 1052 562 1118 ordinis
578 1053 734 1116 naturalis
751 1053 957 1117 semitonium

155 1159 200 1243 fit,
226 1160 301 1244 quia
315 1162 364 1224 rat
377 1160 422 1243 fo,
448 1164 515 1224 eta
536 1180 571 1224 re
593 1159 800 1224 accidentalis
824 1159 954 1242 sinistri,

156 1289 239 1350 quae
259 1267 309 1330 illi
323 1269 372 1331 net
387 1273 436 1332 est
458 1267 610 1352 aequalis,
635 1271 787 1351 sequetur
808 1269 857 1330 net
878 1271 956 1332 tono

157 1375 329 1458 elevatum,
350 1375 550 1461 relinquitur,
580 1376 665 1460 quod
692 1374 788 1439 altior
811 1376 873 1440 erit
898 1397 957 1458 per

156 1483 362 1548 semitonium
384 1506 462 1548 voce
484 1483 522 1567 fa
539 1483 712 1566 naturalia,
738 1487 770 1547 et
792 1483 838 1547 sic
860 1487 956 1548 tonus

155 1592 321 1675 naturalis,
347 1592 401 1676 qui
422 1615 440 1656 a
462 1614 478 1655 o
496 1593 589 1676 furat
609 1591 651 1655 ad
671 1593 801 1656 dsotre
820 1593 953 1674 canitur,

155 1701 190 1762 in
224 1700 286 1764 duo
320 1701 490 1766 semitonia
517 1703 628 1764 manet
655 1700 784 1764 divisus.
834 1703 956 1765 Rursus

155 1830 227 1872 cum
250 1831 269 1872 a
291 1810 313 1872 d
325 1811 420 1872 sol-re
442 1808 482 1872 ad
502 1809 627 1872 clu-mi
647 1813 743 1872 tonus
765 1809 957 1873 naturaiiter

154 1915 200 2000 fit,
228 1917 303 2000 quia
325 1938 359 1980 re
373 1917 422 1979 mi
444 1918 620 1998 eutrotia,
650 1916 753 1980 atilli
775 1939 809 1980 re
836 1923 891 1981 aut
912 1918 958 1980 aot

154 2025 311 2088 naturalis
348 2025 397 2087 mi
433 2023 640 2088 accidentalis
680 2024 783 2088 dextri
823 2025 860 2088 fit
901 2047 956 2114 co-

155 2132 308 2216 aequalis,
333 2132 486 2217 sequitur,
504 2154 566 2197 vox
580 2133 626 2216 fu,
653 2154 734 2216 quae
750 2133 956 2198 semitonium

154 2240 254 2305 faciet
281 2245 394 2305 tonum
420 2241 526 2320 illum,
565 2243 620 2325 qui
648 2242 733 2306 inter
761 2243 897 2306 daut-re
925 2246 958 2304 et

154 2371 170 2412 a
192 2349 287 2412 lu-ma'
309 2353 367 2431 est,
392 2349 572 2432 dividendo,
598 2350 640 2413 ad
660 2371 771 2414 vocem
794 2351 843 2412 mi
863 2353 957 2413 natu·

154 2456 232 2520 ralis
255 2456 377 2521 ordinis
399 2479 463 2522 non
487 2458 635 2543 attinget.
679 2457 956 2535 Quemadmodum

154 2565 255 2650 igitur
286 2564 321 2628 in
348 2563 410 2629 hoc
436 2565 572 2630 fecimus
599 2564 818 2650 tetrachordo,
853 2567 957 2631 lector

155 2672 282 2737 subtilis
297 2673 331 2736 in
347 2671 480 2756 reliquis
496 2673 593 2738 faciet
614 2675 761 2760 inspecta
783 2675 886 2761 figura
901 2675 955 2759 [in]

154 2781 234 2846 hocl
257 2780 403 2866 margine
426 2781 540 2865 posita.
574 2787 643 2866 (pag.
662 2789 704 2868 28)

239 2889 371 2954 Diceret
413 2893 522 2954 tamen
561 2891 690 2977 aliquia,
737 2894 837 2979 quod,
879 2894 957 2959 licet

145 2999 279 3082 ‘possint
311 2999 382 3064 fieri
416 3001 457 3063 ad
487 2999 616 3064 libitum
643 3000 727 3066 istae
756 3003 955 3081 coniunctae,

96 3099 100 3104 ’
154 3129 304 3171 mensura
330 3113 440 3172 tamen
467 3130 546 3193 non⁷
575 3109 615 3172 ad
637 3111 723 3205 quod
746 3111 888 3175 breviter
910 3110 958 3174 di-

155 3216 268 3280 cimus:
292 3218 339 3280 ita
363 3217 528 3281 evidenter
549 3217 627 3282 fient
647 3223 744 3302 atque
760 3220 829 3283 siue
845 3218 957 3284 labore

154 3324 236 3388 siout
264 3325 402 3408 ipsemet
429 3326 507 3390 ordo
531 3327 686 3390 naturalis
709 3326 814 3391 factus
838 3327 900 3390 fuit
922 3328 957 3391 in

154 3433 256 3516 prima
271 3432 382 3528 figura.
418 3434 469 3497 Ad
485 3434 569 3518 quod
586 3436 832 3498 examinandum
849 3436 957 3520 dispo-

153 3546 248 3606 natur
275 3543 379 3625 prima
406 3546 591 3607 mensurata
618 3542 735 3628 figura,
766 3543 880 3608 deinde
908 3543 956 3608 fa-

155 3649 274 3714 ciemus
316 3651 503 3716 coniunctas
540 3653 555 3732 1
589 3651 698 3716 mollis
740 3652 802 3718 hoc
844 3653 954 3717 modo:

154 3757 326 3844 Duplicata
346 3761 525 3843 quantitate
542 3761 584 3843 qi
598 3760 798 3844 signabimus
820 3762 957 3844 primam

154 3853 298 3932 tmollis
331 3870 548 3948 coniunctam;
585 3870 630 3932 sic
661 3869 765 3954 prima
793 3867 811 3934 1
833 3870 957 3954 eritque

153 3974 238 4038 inter
260 3997 281 4038 u
304 3981 335 4041 et
358 3978 384 4039 b.
437 3976 564 4066 Deinde
594 3979 757 4062 quantitas
783 3978 923 4042 chordae
946 3978 960 4041 i

156 4086 187 4144 et
219 4083 322 4164 prima
356 4072 371 4156 1
401 4085 509 4149 medio
547 4085 709 4150 dividatur
749 4087 958 4174 signeturque

154 4177 344 4274 secundat,
381 4214 462 4276 quae
500 4194 561 4257 erit
593 4195 680 4258 inter
711 4196 774 4260 de.
836 4194 958 4273 Quodsi

154 4300 294 4364 secunda
324 4287 381 4384 tq
414 4301 554 4366 mediam
592 4302 796 4368 diviserimus
833 4303 959 4388 quanti-

153 4411 285 4493 tatem,2
304 4407 504 4494 signabimus
534 4415 703 4495 quartam²
732 4396 765 4501 1,
774 4413 859 4477 inter
891 4414 958 4475 lue.

157 4562 231 4569 ..—

239 4649 248 4684 ¹
266 4646 465 4716 praecedenti.
624 4651 635 4688 ‘2
654 4656 765 4717 quarta.

1149 371 1252 458 Figura
1272 373 1296 458 4

1342 591 1364 631 tc

1350 661 1364 713 t

1197 759 1208 789 e
1223 748 1245 788 lu
1321 725 1387 787 Iex-'sol

1214 815 1229 870 t
1349 815 1364 868 t

1074 903 1095 942 la
1175 903 1189 944 d
1203 903 1268 945 lu-sol
1321 905 1389 954 sol-so

1075 971 1090 1023 t
1213 971 1229 1026 t
1328 961 1387 1012 11111

1050 1057 1118 1099 lta-sol
1174 1060 1265 1111 caol-sa
1334 1048 1346 1104 1
1357 1059 1386 1110 fa

1349 1141 1363 1182 S

1075 1212 1090 1266 t
1194 1208 1249 1256 Eme·
1306 1216 1403 1256 tamt-re

1029 1301 1136 1352 soi-suut
1198 1288 1209 1343 1
1219 1303 1247 1352 sa
1350 1285 1365 1338 1

1074 1383 1088 1424 S
1216 1385 1231 1426 S

1055 1445 1123 1501 dmi·
1157 1459 1283 1498 olo-miae
1305 1457 1408 1499 sol-re-ut

1059 1524 1112 1586 isa
1214 1526 1229 1580 1
1349 1524 1364 1578 1

1035 1613 1134 1654 lumi-re
1157 1613 1284 1664 caol-reat
1323 1613 1389 1664 saed

1348 1696 1363 1737 8

1075 1768 1090 1822 t
1215 1770 1229 1823 t
1327 1770 1392 1810 tet-mi

1030 1847 1134 1888 sot-remi
1175 1851 1192 1900 s
1199 1849 1264 1898 su-ut
1347 1837 1362 1890 1

1213 1933 1227 1973 S
1369 1963 1372 1968 ,

1075 1993 1089 2046 t
1177 2011 1187 2038 e
1202 1999 1267 2038 lacni
1309 1995 1409 2036 torol-re

1049 2080 1113 2129 scr-ut
1214 2067 1229 2119 1
1348 2065 1362 2116 1

1076 2161 1091 2204 S

1051 2236 1117 2276 ιιι-1111
1159 2239 1282 2281 dle—solor
1303 2237 1408 2288 sol-saut

1075 2304 1089 2357 t
1213 2308 1227 2361 t
1328 2302 1387 2350 tans·

1035 2375 1134 2416 cascere
1158 2379 1286 2428 caol-saut
1331 2371 1385 2427 tsa

1351 2467 1365 2508 S

1074 2529 1089 2583 1
1193 2532 1252 2586 inei
1304 2543 1403 2583 tami-re

1027 2617 1134 2667 sol-scari
1198 2617 1209 2666 1
1220 2621 1248 2670 so
1352 2611 1366 2663 1

1057 2681 1112 2790 tini
1158 2743 1285 2792 atu-mica
1304 2751 1408 2793 sol-reat

1059 2815 1108 2876 tra
1214 2820 1229 2873 t
1347 2820 1362 2873 1

1035 2905 1134 2946 tami-re
1157 2905 1286 2958 qaut-remi
1326 2907 1393 2958 ,fa-ut

1352 2986 1367 3029 Β

1077 3041 1092 3095 1
1214 3043 1229 3096 1
1328 3061 1393 3102 rame

1034 3129 1135 3170 sol-rect
1176 3130 1266 3182 ssent
1350 3130 1365 3183 1

1180 3281 1181 3286 ¹
1216 3221 1230 3264 8

1076 3284 1091 3337 1
1178 3308 1188 3335 e
1203 3296 1266 3336 lu-mi
1325 3299 1392 3340 sol-re

1049 3371 1114 3423 sa-nt
1215 3363 1229 3416 1
1353 3367 1368 3420 1

1076 3455 1090 3496 Β

1049 3528 1116 3570 Ια-ιηί
1177 3536 1270 3576 usal-re
1326 3542 1393 3591 su-nt
1471 3563 1473 3568 ’

1353 3623 1367 3663 S

1078 3684 1092 3736 t
1215 3690 1230 3743 1
1344 3697 1375 3737 mi

1051 3781 1117 3822 sot-rc
1180 3799 1191 3828 c
1201 3784 1266 3836 scr-ut
1350 3769 1364 3818 t

1215 3861 1229 3902 S

1079 3920 1093 3971 1
1198 3935 1209 3974 ὁ
1219 3935 1251 3974 mi
1349 3941 1371 3970 re

1053 4014 1118 4066 scr-ut
1217 4006 1232 4055 1
1350 4001 1364 4054 1

1074 4171 1105 4209 uri
1200 4189 1213 4217 a
1227 4187 1250 4215 re
1347 4168 1374 4208 ut

1080 4237 1095 4292 t

1078 4338 1101 4367 Υθ
