3742 5528
702 303 917 367 „41-

176 477 390 562 proprietates
413 477 497 542 inter
520 499 554 541 se
579 477 784 541 (1111010111οε1
807 480 978 561 ponantur,
1002 499 1133 542 necesse
1158 482 1215 559 est,
1239 477 1324 542 inter
1351 499 1445 544 voces

178 584 330 669 aequales
354 585 589 650 differentiam²
610 589 720 668 ponat.
757 585 842 649 Nam
863 585 898 650 in.
917 607 939 670 9
960 587 1107 651 sol-re-ut
1126 588 1173 650 sol
1193 589 1327 650 naturae
1344 573 1446 650 areb
1485 572 1487 576 ’

177 693 284 758 mollis
311 693 363 758 vel
396 694 436 758 ab
465 683 543 772 011
571 693 641 758 duri
670 692 885 758 differentiam
913 694 1013 758 faciat
1047 716 1179 759 necesse
1213 693 1294 758 erit·
1332 693 1387 758 Sic
1414 697 1447 758 et

176 824 210 866 10
233 802 273 867 ab
296 807 341 866 ut.
387 802 475 888 Ergo
504 802 655 887 aequales
684 823 750 867 non
781 806 860 894 sunt
887 806 919 868 et
945 826 1003 887 per
1030 825 1229 888 consequens
1252 801 1388 867 mutatio
1410 800 1445 868 in

178 911 223 974 eis
255 909 328 975 fieri
355 932 420 975 non
448 914 567 994 posset.
613 910 656 975 111
682 914 790 976 tamen
817 910 880 995 ipsi
908 911 1032 976 faciunt
1059 933 1117 995 per
1146 933 1236 976 suam
1267 911 1445 976 doctrinam

176 1019 240 1083 iam
264 1019 410 1102 superius
432 1018 643 1103 propalatam.
689 1018 776 1105 Ergo
799 1019 862 1102 ipsi
893 1019 956 1084 sibi
986 1019 1208 1085 contradicant
1229 1041 1361 1085 necesse
1386 1021 1444 1084 est.

264 1125 402 1204 Quidam
424 1149 510 1204 vero,
534 1130 571 1191 ut
592 1127 748 1213 Magister
771 1126 974 1193 Osmensis
997 1129 1170 1212 Hispanae,
1195 1127 1249 1212 qui
1271 1130 1445 1192 tractatum

178 1235 339 1320 quendam
361 1235 395 1299 in
417 1233 477 1300 hac
502 1234 602 1299 edidit
623 1234 789 1318 facultate,
813 1239 929 1319 putant
951 1257 985 1301 se
1010 1237 1049 1301 ad
1076 1236 1305 1302 inconveniens
1328 1234 1444 1299 ducere

177 1343 239 1409 hoc
262 1344 357 1408 modo
382 1343 540 1408 dicentes:
566 1343 594 1407 si
619 1364 685 1407 non
714 1342 897 1409 (11110110013
920 1344 958 1428 fa
981 1347 1013 1408 et
1035 1346 1080 1408 sol
1104 1343 1139 1410 in
1161 1365 1177 1408 c
1199 1344 1356 1427 sol-forat,
1380 1363 1446 1406 non

179 1455 385 1536 ponerentur,
417 1450 492 1536 quia
518 1450 638 1515 frustra
664 1449 705 1515 fit
730 1473 790 1535 per
818 1451 920 1536 plura.
975 1451 1029 1516 Sic
1061 1473 1137 1538 ergo
1170 1455 1341 1536 ponuntur,
1371 1450 1446 1534 quia

182 1560 349 1640 differunt;
381 1560 428 1623 ita
466 1563 499 1624 et
534 1558 678 1643 reliquae
710 1580 805 1624 voces
834 1560 912 1625 alibi
939 1559 1072 1624 locatae.
1128 1559 1192 1626 Sed
1221 1559 1308 1629 istud
1333 1559 1445 1623 incon-

180 1668 311 1733 veniens
330 1666 454 1732 nullum
471 1641 529 1749 011,
554 1667 706 1752 quoniam
722 1671 885 1752 ponuntur
899 1668 946 1734 ibi
969 1669 1009 1733 ed
1032 1667 1216 1733 faciendum
1238 1666 1444 1732 semitonium

176 1775 306 1862 longius
330 1778 386 1840 aut
407 1775 628 1860 propinquius,
653 1799 691 1840 ex
715 1798 778 1861 quo
793 1776 943 1861 provenit
966 1776 1149 1842 differentia
1164 1776 1314 1840 musicae.
1360 1774 1444 1839 Nem

176 1884 205 1948 si
226 1906 338 1948 omnes
360 1883 617 1968 intercapedines
646 1888 754 1949 essent
776 1885 927 1970 aequales
951 1889 1101 1952 tonorum
1117 1888 1174 1949 aut
1188 1882 1441 1964 semitoniorum,

177 1991 266 2056 ncilla
299 1995 385 2056 esset
406 1990 548 2056 musicae
571 1991 762 2056 differentia.
810 1991 902 2070 Quod
932 1994 959 2056 si
986 2015 1045 2077 per
1065 1991 1296 2058 inconveniens
1319 1991 1443 2056 solvere

178 2101 335 2183 volumus,
367 2099 477 2164 multis
501 2099 758 2166 dubitationibus
781 2100 843 2166 hoc
872 2101 959 2166 idem
988 2100 1095 2166 facere
1125 2101 1311 2185 poterimus.
1363 2098 1444 2164 Cum

178 2209 263 2274 enim
292 2209 402 2274 dicant
429 2229 525 2274 voces
551 2196 568 2288 1
593 2208 706 2273 duria
734 2207 867 2274 vocibus
897 2197 912 2274 1
944 2209 1051 2275 mollis
1079 2208 1222 2290 differre,
1246 2207 1332 2272 idem
1361 2230 1381 2271 a
1409 2228 1443 2271 se

175 2315 247 2400 ipso
276 2315 404 2381 differre
426 2317 608 2382 nescientes
638 2316 853 2400 consentiunt,
883 2318 968 2402 quod
995 2316 1156 2403 aliquibus
1180 2314 1334 2399 exemplis
1358 2335 1444 2378 com-

175 2424 391 2508 probavimus.
446 2423 506 2488 Est
540 2422 625 2488 enim
654 2424 689 2488 in
715 2446 732 2488 0
757 2417 1070 2510 ἴοι-0110111001.
1120 2422 1291 2489 Manifeste
1319 2426 1445 2506 ponunt

175 2531 297 2597 ibidem
312 2532 362 2596 mi
382 2553 440 2616 per
456 2524 489 2612 1;
507 2531 711 2597 coniunctam
733 2537 865 2616 propter
884 2532 946 2598 hoc
961 2545 1033 2614 (pag.
1048 2545 1093 2606 32]
1110 2531 1194 2598 enim
1217 2536 1351 2616 ponunt,
1369 2530 1445 2614 quia

176 2639 391 2705 differentiam
413 2641 498 2705 inter
519 2642 557 2724 fu
580 2644 612 2704 et
634 2641 683 2704 101
704 2661 855 2726 magnam
879 2646 1085 2728 cognoscunt,
1111 2646 1144 2705 et
1170 2646 1279 2705 tamen
1308 2643 1443 2722 utraque

176 2770 237 2813 vox
262 2753 311 2813 est
334 2745 348 2824 1
374 2748 531 2833 quadrati.
570 2747 658 2834 Ergo
673 2747 759 2813 idern
776 2749 885 2815 differt
907 2773 926 2814 a
949 2771 982 2814 se
1005 2749 1086 2834 ipso,
1104 2750 1189 2833 quod
1213 2752 1283 2812 erat
1305 2747 1444 2831 proban-

178 2856 262 2920 dum.
309 2856 363 2921 Sic
380 2861 412 2921 et
426 2857 460 2922 in
479 2879 501 2921 0
522 2858 683 2934 1010110·
711 2857 766 2922 ubi
799 2862 847 2922 est
876 2859 925 2922 1111
950 2855 966 2937 t
994 2858 1110 2939 mollis,
1141 2856 1272 2942 ponitur
1300 2857 1338 2940 fc
1367 2877 1443 2921 con-

177 2965 306 3029 iunctae
330 2950 346 3022 l
369 2964 485 3030 mollis.
536 2965 623 3052 Ergo
646 2947 773 3030 tmolle
798 2966 906 3030 differt
929 2990 947 3030 a
970 2952 985 3029 1
1006 2964 1106 3030 molli.
1170 2992 1177 3006 ⁸

265 3071 450 3138 Absurdum
474 3079 560 3139 certe
585 3078 633 3139 est
659 3074 694 3138 in
722 3074 844 3139 musica
868 3073 1082 3139 differentiam
1109 3076 1194 3139 inter
1220 3093 1315 3137 voces
1339 3064 1442 3150 tduri

178 3185 210 3248 et
233 3170 248 3246 't
270 3181 377 3247 rnollis
402 3187 457 3246 aut
479 3187 611 3248 naturae
627 3205 758 3267 ponere,
784 3183 868 3267 quod
888 3182 989 3248 frater
1011 3182 1031 3248 J
1037 3181 1209 3247 ohannes
1232 3181 1277 3245 de
1301 3179 1442 3246 Sancto

175 3290 396 3373 Dominico,
420 3290 575 3376 magister
602 3291 636 3354 in
662 3289 838 3377 theologia,
870 3295 1002 3356 conatus
1033 3294 1081 3356 est
1109 3287 1278 3354 affirmare.
1324 3287 1442 3352 Verum

177 3399 251 3482 quia
274 3398 392 3464 librum
414 3399 538 3463 nullum
563 3399 752 3483 composuit,
783 3398 865 3463 nihil
898 3400 936 3464 de
965 3422 1002 3465 00
1031 3399 1209 3464 dicendum.
1255 3397 1321 3462 Sed
1342 3395 1443 3460 frater

103 3591 106 3596 Ι
176 3505 384 3574 lohannes
415 3507 593 3593 Hothby4
621 3507 766 3593 anglicus
801 3508 976 3591 carmelita,
1009 3507 1063 3592 qui
1094 3506 1300 3572 semitonium
1328 3505 1442 3570 durum
1490 3567 1491 3570 ,

175 3823 387 3895 Widerlegung
411 3824 504 3880 dieses
528 3825 659 3895 Kapitels
683 3825 721 3880 Vl
749 3825 940 3896 beschtftigt,
969 3826 1090 3881 beweist
1111 3826 1127 3880 J
1134 3825 1291 3881 ohannes
1318 3821 1443 3876 Ottobi

175 3909 318 3980 (Hothby),
331 3911 388 3966 dass
407 3911 453 3966 die
467 3911 676 3968 Untersehiede
690 3913 741 3967 der
752 3912 849 3968 11111111
861 3912 943 3968 nicht
956 3913 1019 3968 blos
1033 3913 1062 3966 in
1076 3914 1127 3968 der
1139 3911 1299 3978 Quantitas,
1319 3909 1442 3964 sondern

176 3997 248 4052 auch
268 3996 299 4051 in
318 3997 369 4052 der
388 3996 519 4062 Qualitas
535 3999 671 4055 bernhen.

263 4086 272 4122 ¹
290 4082 413 4140 differre.
570 4086 581 4124 ²
600 4084 721 4141 differre.
878 4089 890 4127 ³
908 4087 1052 4142 differunt.

262 4171 274 4208 ⁴
293 4169 400 4226 Ottobi.
441 4171 498 4227 Der
516 4172 689 4227 Karmeliter
707 4174 845 4244 Hothby
869 4174 936 4229 tritt
959 4173 990 4228 in
1013 4172 1082 4228 zwei
1102 4172 1245 4227 Schriften
1267 4187 1361 4241 gagen
1385 4170 1442 4224 An·

176 4255 289 4312 sichten
314 4257 375 4324 auf,
399 4257 446 4313 die
470 4258 567 4314 Remis
592 4259 623 4313 in
646 4260 741 4315 seiner
765 4261 895 4317 Praetica
919 4260 1151 4331 ansgesprochen
1176 4259 1239 4313 hat:
1263 4263 1287 4325 a)
1312 4257 1443 4328 Epistola

175 4343 225 4399 ubi
245 4343 394 4399 cuiusdam
413 4343 568 4413 Ormensis,
587 4345 739 4416 Hispanici
757 4350 827 4403 tnnc
845 4349 876 4403 in
893 4349 1009 4415 honore,
1029 4363 1163 4402 censuras
1181 4345 1289 4401 refutet
1307 4344 1441 4410 (Florenz,

174 4429 250 4486 Bibl.
269 4429 334 4485 Naa.
354 4431 448 4486 Centr.
469 4432 508 4486 cl.
528 4433 595 4486 XIX
612 4432 644 4486 D.
663 4435 718 4500 36];
737 4436 764 4500 b)
782 4433 926 4490 Excitatio
940 4435 1081 4503 quaedam
1099 4433 1225 4488 musicae
1244 4431 1315 4487 artis
1333 4448 1386 4500 per
1398 4446 1442 4484 10-

174 4517 348 4573 futationem
367 4517 500 4587 (Floreat,
520 4519 592 4575 Bibl.
611 4520 676 4576 Naa.
697 4522 790 4578 Gentr.
811 4522 878 4578 Cod.
897 4523 955 4577 Pal.
975 4523 1042 4588 472).
1084 4522 1148 4592 Vgl.
1168 4521 1200 4575 A.
1214 4521 1258 4575 W.
1273 4519 1440 4587 Schmidt,

175 4604 227 4662 Die
241 4605 389 4676 Calliopea
400 4605 496 4676 legale
509 4607 558 4661 des
572 4606 717 4664 lohannes
730 4609 849 4678 Hothby
863 4609 996 4681 (Leipzig,
1011 4610 1101 4666 Hesse
1116 4626 1142 4663 u.
1155 4608 1265 4678 Becker
1277 4607 1361 4678 1897),
1376 4610 1402 4664 S.
1415 4609 1439 4663 9.
