3734 5572
670 995 924 1127 Anhang.
987 1045 989 1048 ·

780 1254 810 1325 Ι.

253 1419 283 1484 N
288 1419 407 1485 icolai
430 1419 557 1484 Bnrtii
579 1420 773 1499 Parmensis,
797 1419 936 1484 musices
959 1420 1151 1504 professoris
1172 1441 1209 1485 ac
1229 1421 1307 1486 iuris
1327 1422 1435 1505 ponti-

166 1527 231 1592 ficii
243 1527 480 1610 studiosissimi,
493 1527 632 1593 musices
644 1527 853 1612 opusculum¹
867 1527 983 1612 incipit
995 1550 1067 1594 cum
1080 1529 1267 1596 defensione
1277 1529 1435 1595 Gnidonis

166 1635 294 1702 Aretini
310 1636 462 1701 adversus
474 1636 646 1721 ‘quendam
667 1636 847 1720 Hispanum
869 1636 1018 1702 veritatis
1039 1637 1341 1720 praevaricatorem.

253 1761 439 1840 Pauperibus
462 1763 576 1822 clericis
599 1782 633 1823 ac
655 1763 804 1840 religiosis
826 1761 968 1823 Nicolaus
990 1763 1117 1823 Burtius
1140 1763 1167 1823 S.
1184 1764 1218 1822 P.
1235 1764 1272 1822 D.

253 1865 328 1926 cum
350 1867 438 1926 multi
460 1867 547 1928 velut
567 1866 674 1925 umbra
695 1866 880 1926 declinavere
903 1866 972 1925 anni
987 1866 1097 1943 quibus
1113 1867 1148 1926 ab
1164 1867 1362 1927 adolescentia
1376 1886 1435 1926 non

167 1970 228 2028 sine
250 1974 349 2030 tamen
371 1969 582 2048 lugubraticne
605 1969 696 2028 nimia
719 1969 797 2028 circa
818 1969 946 2028 musices
975 1969 1162 2046 disciplinam
1188 1973 1307 2048 tempus
1334 1973 1436 2030 eonte-

166 2074 278 2132 ruerim
300 2078 330 2133 et
353 2074 546 2149 quamplures
569 2091 603 2131 ex
625 2091 672 2131 me
701 2073 842 2131 haustum
867 2073 1040 2132 huiusmodi
1069 2075 1253 2150 susceperint
1281 2079 1312 2134 et
1339 2075 1436 2133 inere-

164 2181 308 2236 mentum.
354 2174 532 2253 Conpulsus
552 2175 672 2235 tandem
694 2180 760 2236 tum
776 2180 806 2234 et
820 2179 920 2237 vestra
936 2195 994 2252 qua
1010 2175 1150 2236 devinoor
1165 2177 1319 2250 charitate,
1335 2197 1435 2236 aman·

165 2279 287 2356 tissimi,
316 2281 382 2338 tum
413 2282 443 2338 et
473 2279 659 2355 quorundam
687 2279 851 2339 amicornm
879 2279 1135 2340 exhortationibus
1161 2281 1254 2340 statui
1282 2279 1334 2339 has
1349 2299 1435 2346 vmeas

165 2382 283 2459 vigilias
306 2381 495 2460 vobisipsis,
520 2383 572 2459 qui
594 2381 700 2443 maiori
723 2404 757 2443 ex
779 2386 865 2461 parte
887 2384 1007 2461 ingenio
1029 2384 1136 2444 valetis
1159 2402 1193 2443 ac
1216 2383 1365 2461 doctrina,
1389 2382 1435 2441 di-

167 2505 242 2545 care.
289 2485 368 2556 Quid
396 2487 474 2546 enim
505 2488 642 2563 aequius'
656 2507 746 2563 quam
772 2487 885 2565 ingenii
911 2490 1103 2547 monumenta
1132 2487 1169 2546 ad
1200 2506 1249 2547 eos
1279 2487 1433 2563 destinare,

166 2589 219 2665 qni
242 2590 348 2650 ceteris
371 2590 507 2650 omnibus
529 2589 648 2668 ingenio
672 2591 866 2667 doctrinaque
889 2610 923 2650 ac
946 2589 1101 2670 dignitatis
1122 2589 1235 2652 honore
1258 2585 1432 2668 praestent?

166 2691 232 2752 Non
253 2694 375 2772 ignarus
397 2713 461 2753 rem
483 2695 554 2754 satis
576 2694 730 2754 difficilem
750 2715 798 2754 me
820 2694 919 2754 subire
942 2699 973 2755 et
1000 2696 1167 2755 multorum
1195 2695 1359 2772 expositam
1382 2694 1435 2753 ob·

165 2797 351 2875 trectationi,
384 2817 459 2873 qnae
489 2798 561 2857 licet
590 2799 630 2858 sit
656 2797 729 2859 viris
758 2799 879 2876 optimis
907 2798 992 2876 parvi
1022 2799 1190 2876 pendenda;
1235 2802 1335 2858 tamen
1366 2817 1434 2858 curn

165 2901 279 2976 priseos
300 2901 369 2961 illos
391 2920 507 2961 summa
528 2902 705 2962 auctoritate
727 2903 808 2962 viros
829 2903 989 2979 aliquando
1011 2903 1209 2981 lacessiverit,
1234 2903 1307 2978 quid
1329 2902 1365 2961 de
1387 2921 1434 2960 me

164 3007 230 3082 ipso
255 3006 489 3084 existimandum,
514 3027 604 3083 quem
625 3025 685 3066 non
707 3007 869 3067 auotoritas
890 3009 987 3083 neque
1002 3007 1131 3085 dignitas
1145 3001 1273 3066 tuetur?
1298 3004 1435 3065 confixus

164 3113 265 3168 tamen
292 3109 387 3186 illius,
416 3111 470 3186 qni
497 3129 551 3187 per
577 3111 840 3189 psalmographum
872 3113 983 3171 cantat:
1025 3111 1119 3187 Aperi
1147 3129 1178 3170 os
1205 3113 1294 3169 tuum
1321 3112 1352 3168 et
1380 3127 1434 3186 ego

167 3213 334 3290 adimplebo
362 3213 447 3273 illud.
492 3214 620 3275 Decrevi
645 3215 762 3293 itaque,
787 3219 946 3291 antequam
969 3213 1060 3273 animi
1081 3214 1176 3273 nostri
1197 3216 1268 3273 vota
1289 3231 1433 3290 promam,

168 3316 321 3376 cuiusdam
344 3317 478 3376 moderni
501 3335 614 3377 errores
635 3318 808 3378 huiusmodi
830 3336 864 3377 ac
886 3317 1017 3378 insitiam
1040 3335 1209 3395 expugnare
1231 3319 1262 3375 et
1283 3335 1348 3374 eam
1370 3335 1435 3374 orn·

167 3421 254 3480 nibus
276 3419 392 3497 liquido
416 3439 568 3482 erroneam
590 3421 868 3499 absolutissimeque
891 3421 1100 3481 demonstrare.
1139 3419 1199 3480 Hic
1217 3420 1295 3478 enim
1311 3419 1470 3516 quibus-9

167 3524 235 3582 dam
258 3524 496 3585 cavillationibus
519 3544 552 3584 ac
574 3525 656 3586 falsis
679 3526 797 3585 omnino
825 3525 947 3602 ineptiis
973 3525 1059 3602 pium
1082 3523 1288 3583 Gnidonem
1309 3523 1434 3581 Areti-

166 3648 248 3707 num,
265 3629 318 3706 qui
333 3629 492 3688 sanctitate
506 3647 541 3688 ao
557 3629 691 3688 doctrina
704 3626 953 3706 philosophnis(l)
969 3629 1075 3688 merito
1091 3626 1311 3704 praeferendus,
1327 3626 1436 3686 nititur

169 3731 367 3810 oppugnaret
414 3731 439 3792 Ο
468 3733 615 3810 insignem
645 3733 831 3810 calumniam,
860 3751 880 3792 c
910 3731 1127 3808 impudentiam
1157 3733 1224 3790 ante
1252 3728 1333 3789 hunc
1356 3729 1434 3788 diem

168 3835 340 3896 inauditam.
387 3836 541 3896 Exclamat
562 3855 772 3913 saepenumero
796 3835 915 3895 demens
945 3837 976 3893 et
1002 3834 1106 3893 multis
1136 3834 1324 3895 contumeliis
1353 3833 1435 3892 voci·

169 3938 294 3998 feratur.
341 3939 419 4010 Quid
442 3941 559 4018 clamas,
584 3939 657 4016 quid
679 3934 819 4016 angeris?
843 3940 923 3998 Ante
945 3939 1015 3998 hino
1037 3937 1195 4015 discedam,
1217 3937 1264 3997 tui
1287 3936 1435 4024 nefandis-

169 4043 235 4101 simi
257 4043 366 4103 erroris
387 4047 417 4103 te
439 4046 551 4122 pudeat
572 4062 726 4103 necessum
749 4046 802 4102 est.

256 4245 341 4300 1Der
358 4245 433 4300 Titel
452 4247 502 4302 des
520 4245 641 4324 Werlres
660 4246 710 4300 ist:
729 4245 846 4300 Florum
863 4246 967 4300 libellus
984 4243 1137 4315 (Impensis
1155 4243 1306 4299 Benedicti
1323 4243 1435 4298 librarii

167 4331 354 4387 bononiensis
373 4349 406 4386 ae
424 4349 535 4387 summa
552 4332 817 4402 industriaUgonis
836 4334 871 4387 de
890 4331 1022 4402 rugeriis,
1041 4331 1092 4400 qui
1108 4329 1330 4400 propetissimus
1348 4329 1433 4384 huius

168 4419 238 4474 artis
258 4421 381 4486 exactor,
399 4418 557 4488 impressus
569 4419 724 4488 Bononiae,
743 4421 827 4475 Anno
845 4419 954 4475 domini
967 4415 1247 4474 mcccclxxxvn
1265 4415 1311 4472 die
1331 4416 1435 4471 ultima

222 4505 252 4558 .l.
280 4547 285 4560 ⁸

167 4524 231 4576 ²1)ss
243 4509 369 4652 lgiffiehe
388 4596 413 4650 S.
427 4597 468 4664 11,
487 4595 529 4664 19,
548 4595 590 4664 31,
607 4596 642 4650 40
660 4614 686 4649 u.
705 4595 746 4649 99.
