3742 5528
926 275 1142 339 ..4ο-

490 449 698 515 lohannes
725 471 801 515 vero
831 451 877 514 de
904 451 1105 515 Londonis
1135 453 1167 514 εὴ
1197 449 1252 514 alii
1279 449 1385 514 minus
1421 449 1517 534 periti
1545 450 1670 515 dicunt:

406 558 673 641 quemadmodum
696 557 730 622 in
752 546 815 642 lfa
837 551 911 638 dmi
939 557 1034 622 ambo
1062 559 1155 643 signa
1184 563 1319 642 possunt
1349 558 1463 641 locari,
1502 559 1549 622 ita
1576 557 1667 622 etin

406 664 477 728 aliis
500 664 589 749 locis,
614 667 669 731 ubi
685 688 745 730 nec
767 667 805 750 fu
826 688 887 731 nec
909 668 964 730 mi.
1012 665 1105 742 Quod
1120 665 1167 730 ita
1182 665 1251 730 fieri
1266 667 1378 749 possit,
1402 665 1533 730 minime
1549 687 1671 752 negan-

403 773 477 837 dum
507 777 570 853 est;
599 778 632 838 at
662 775 747 858 quod
776 774 901 856 debeat,
933 775 1173 838 concedendum
1200 797 1264 838 non
1286 775 1440 840 arbitror.
1493 775 1670 858 Propterea

404 881 504 967 igitur
527 881 553 946 si
576 904 634 966 per
648 883 713 946 iam
729 882 816 946 dicta
838 886 933 947 tonus
956 882 989 946 in
1005 883 1069 947 duo
1085 882 1256 947 semitonia
1271 888 1380 947 manet
1396 882 1526 962 divisus,
1549 882 1669 946 frustra

402 990 483 1054 fiunt
505 991 630 1074 reliqua
653 1013 898 1075 supervacanea,
925 991 1075 1076 quoniam
1100 991 1140 1055 ad
1162 990 1223 1056 hoc
1246 991 1333 1055 istud
1355 990 1561 1075 permittitur',
1586 991 1669 1055 sicut

402 1099 468 1162 iam
491 1097 611 1163 dictum
637 1103 693 1182 est,
720 1103 755 1164 ut
777 1103 890 1164 tonum
914 1103 946 1164 et
968 1099 1175 1164 semitonium
1199 1123 1218 1163 a
1241 1099 1386 1183 qualibet
1408 1122 1486 1165 voce
1508 1101 1668 1184 possimus

404 1205 534 1285 habere,
571 1205 654 1271 sicut
677 1231 695 1271 a
718 1191 735 1266 1)
743 1209 781 1292 fo
807 1200 887 1289 troi.
945 1207 1066 1272 Dicunt
1099 1230 1247 1292 namque,
1283 1209 1310 1271 si
1344 1209 1378 1272 in
1408 1210 1598 1292 psol-re-ut
1626 1208 1669 1272 sit
1715 1282 1718 1288 ¹

407 1313 522 1378 vocula
549 1315 676 1401 signata
699 1304 720 1378 'l
749 1305 963 1400 praecedente
988 1321 1020 1380 et
1046 1316 1079 1380 in
1111 1316 1223 1380 eodem
1251 1316 1293 1380 sit
1321 1317 1423 1382 altera
1444 1308 1545 1395 istot
1577 1338 1670 1399 prae-

403 1421 545 1505 cedente,
559 1422 636 1488 licet
652 1425 806 1488 unisonus
825 1425 1002 1507 videantur,
1020 1429 1130 1489 tamen
1145 1428 1276 1508 propter
1292 1425 1414 1508 primae
1431 1423 1669 1508 depressionem

404 1533 435 1594 et
458 1532 616 1596 secundae
641 1531 855 1598 elevationem
883 1533 1046 1599 semitonii
1062 1535 1156 1622 sicut
1184 1535 1233 1597 cci
1253 1535 1298 1618 fu.
1344 1532 1475 1616 Duplici
1505 1533 1544 1596 de
1573 1553 1669 1596 causa

389 1639 634 1704 maledicunt:
664 1644 777 1724 primo,
803 1641 964 1726 quoniam,
997 1643 1123 1706 etiamsi
1156 1642 1260 1724 prima
1287 1641 1415 1727 signum
1438 1664 1503 1706 non
1525 1640 1668 1722 haberet,

402 1749 542 1812 secunda
556 1753 666 1814 tamen
683 1754 767 1815 esset
784 1749 880 1815 altior
896 1773 933 1814 ea
948 1754 1080 1835 propter
1095 1749 1224 1835 signum
1244 1751 1359 1814 saltem
1374 1773 1432 1834 per
1448 1749 1668 1828 semitonium;

403 1857 543 1921 secundo
568 1861 683 1941 errant,
710 1859 793 1944 quia,
818 1859 845 1922 si
867 1858 971 1942 prima
998 1859 1143 1942 iamper
1171 1858 1258 1922 aliud
1288 1858 1494 1922 semitonium
1518 1857 1669 1941 depressa

404 1967 452 2028 est
475 1965 515 2030 ab
538 1965 595 2030 illo
619 1967 690 2032 loco
715 1972 747 2031 et
769 1969 909 2032 secunda
932 1967 995 2031 alio
1019 1966 1191 2031 semitonio
1208 1967 1248 2030 ab
1271 1965 1328 2031 illo
1352 1965 1423 2030 loco
1448 1965 1581 2048 elevata,
1607 1965 1668 2030 duo

403 2073 575 2138 semitonia
590 2079 672 2139 sunt.
712 2076 806 2162 Ergo,
820 2077 888 2140 toni
910 2076 1092 2140 differentia
1116 2078 1147 2139 et
1162 2097 1228 2139 non
1244 2073 1406 2140 semitonii
1424 2077 1480 2155 est,
1505 2077 1669 2157 tamquam
1703 2114 1705 2118 -

401 2186 440 2246 cet
460 2203 500 2246 re.
547 2183 788 2249 Eodemmodo
813 2185 922 2250 dicunt
944 2184 977 2248 in
1000 2187 1022 2248 d
1043 2187 1136 2248 sol-re
1160 2187 1191 2248 et
1213 2184 1351 2247 istorum
1375 2181 1505 2246 octavis.

488 2291 610 2355 Horum
644 2315 725 2376 quae
761 2292 846 2357 dicta
878 2297 952 2357 sunt
986 2293 1133 2376 exempla
1166 2291 1278 2357 subtili
1311 2291 1425 2355 lectori
1459 2289 1669 2374 relinquimus

400 2398 602 2481 invenienda,
626 2401 673 2464 ita
695 2407 731 2464 ut
754 2405 891 2485 quatuor
914 2405 969 2465 aut
992 2401 1131 2485 quinque
1157 2386 1308 2464 extdndat
1335 2399 1438 2464 lineas
1467 2403 1500 2463 et
1529 2398 1670 2482 aliquam

402 2506 509 2592 signet
531 2507 660 2572 illarum
681 2509 792 2573 littera
822 2510 888 2573 sive
918 2508 1001 2573 clavi
1030 2509 1166 2573 alterata
1196 2509 1330 2572 duarum
1360 2507 1613 2590 supradictarum
1638 2509 1671 2570 et

401 2615 530 2680 notulas
554 2616 703 2700 disponat
726 2640 796 2682 cum
825 2616 935 2704 signis,
964 2617 1047 2681 sicut
1080 2617 1226 2681 diximus.
1273 2617 1391 2700 Incipit
1419 2638 1457 2680 ex
1479 2615 1549 2695 hoc,
1580 2615 1669 2679 dum-

401 2725 491 2787 taxat
515 2747 553 2788 ex
570 2723 759 2790 Guidouis
775 2726 929 2806 doctrina,
946 2726 1097 2810 prolapsa
1113 2725 1268 2790 confusio.
1297 2723 1375 2788 Eius
1393 2724 1478 2788 enirn
1493 2727 1668 2788 sectatores
1759 2798 1761 2800 ¹
1862 2709 1863 2740 ³

401 2831 609 2915 pertinaciter
643 2835 776 2899 credunt
811 2839 843 2900 et
864 2857 922 2919 pro
945 2835 1127 2899 indubitato
1156 2833 1287 2916 habent,
1323 2833 1408 2917 quod
1435 2832 1498 2896 nisi
1524 2833 1610 2896 inter
1631 2833 1669 2916 fo

404 2944 436 3005 et
465 2943 513 3004 mi
545 2965 610 3006 non
636 2942 739 3026 possit
761 2942 834 3008 fieri
863 2943 1077 3009 semitonium.
1128 2943 1261 3025 Dicunt,
1290 2946 1462 3025 propterea
1490 2941 1592 3025 quod¹
1623 2941 1671 3004 mi

404 3049 555 3115 claudens
571 3074 607 3116 os
630 3051 852 3116 austeritatem
869 3053 1010 3135 denotat,
1034 3052 1071 3135 fo
1087 3073 1162 3116 vero
1178 3050 1289 3115 laxans
1306 3071 1342 3114 os
1365 3049 1535 3114 mellitiem
1551 3050 1667 3135 signat.

403 3157 472 3222 Hoc
496 3163 605 3224 autem
627 3159 708 3224 nihil
733 3165 801 3224 esse
825 3159 1004 3225 rationibus
1020 3159 1215 3233 firmissimis
1233 3163 1265 3223 et
1279 3157 1517 3222 mathematicis
1540 3157 1669 3243 cognita

402 3265 542 3332 musicae
566 3266 748 3332 differentia
772 3269 954 3333 curabimus
978 3268 1157 3332 ostendere.

809 3553 1051 3636 capitulum
1083 3556 1261 3622 sextum.

455 3725 566 3804 Quod
595 3725 756 3797 musicae
786 3725 994 3796 differentia
1025 3750 1102 3796 non.
1130 3725 1249 3796 estin
1279 3724 1457 3818 qualitate
1486 3723 1617 3794 sedin

926 3869 1143 3962 quantitate.
1156 3922 1158 3926 -

402 4021 478 4153 Est
523 4019 607 4083 enim
651 4019 833 4084 differentia
874 4018 1015 4084 musicae
1057 4018 1091 4082 in
1133 4017 1311 4102 quantitate
1352 4015 1432 4080 arsis
1471 4015 1522 4080 vel
1568 4014 1669 4080 thesis

468 4127 652 4212 const'tuta,
676 4149 742 4192 non
765 4131 872 4190 autem
894 4127 928 4190 in
950 4125 1173 4212 magnitudine
1197 4127 1264 4192 sive
1287 4125 1475 4190 fortitudine
1505 4127 1560 4188 aut
1582 4124 1669 4188 vocis

403 4236 571 4300 debilitate
609 4236 754 4301 collatae
807 4236 887 4299 Cum
927 4236 1011 4299 enim
1047 4236 1082 4299 in
1121 4238 1188 4299 arte
1228 4233 1415 4299 (inidonis
1452 4238 1518 4297 tres
1555 4254 1669 4297 vocum

492 4413 501 4448 1
559 4409 569 4462 i
590 4452 595 4463 .

490 4496 501 4534 2
518 4428 557 4550 1111
564 4427 660 4551 11εὴεὴ
672 4496 779 4552 bereits
793 4496 986 4566 angefiihrten
1000 4513 1093 4566 gegen
1106 4495 1211 4550 Ramis'
1221 4496 1402 4564 gerichteten
1416 4493 1524 4550 Schrift
1535 4493 1670 4548 hircitalio

404 4583 536 4658 quaedam
549 4583 671 4642 Musicae
689 4584 759 4638 erlis
773 4602 824 4655 per
841 4583 1038 4652 refutationem,
1059 4582 1167 4640 welche
1187 4582 1248 4637 sich
1266 4582 1306 4640 im
1322 4581 1529 4640 wesentlichen
1547 4579 1601 4636 mit
1619 4580 1671 4636 der
