3734 5572
954 275 1193 341 ..105-

526 456 701 535 Composuit
716 455 823 516 etenim
840 455 1020 532 opusculum
1036 455 1114 515 circa
1132 455 1260 516 musices
1275 453 1470 531 disciplinam,
1492 452 1523 510 in
1546 469 1615 528 quo,
1637 468 1712 510 cum

440 562 522 638 velit,
546 561 627 640 quod
647 561 773 621 Boetius
806 558 939 635 quinque
965 558 1049 618 libris
1083 556 1353 636 comprehenderit,
1383 575 1526 634 enarrare,
1551 553 1714 615 confundit

439 665 624 744 apertissime
639 683 673 724 ac
693 663 840 741 pervertit
860 682 978 723 omnem
998 663 1121 723 virtutis
1143 681 1177 722 ac
1199 662 1351 722 doctrinae
1373 660 1514 720 ordinem.
1551 657 1713 718 Praeterea

438 770 550 830 nedum
563 769 728 829 insectatur
744 767 920 844 Guidonem,
942 765 1098 826 sedetiam
1114 785 1309 842 quoscunque
1323 765 1441 825 noverit
1461 763 1544 823 illius
1566 781 1711 839 sequaces

439 874 590 952 obiurgat,
613 874 725 934 lacerat
758 875 788 931 et
810 871 940 947 quodam
963 871 1066 930 canino
1088 871 1201 930 latratu
1222 869 1367 930 stimulat.
1412 867 1528 928 Laudat
1542 886 1711 942 numquam

439 979 458 1037 J
465 979 643 1038 ohannem
669 975 841 1036 carthusiae
878 973 1072 1052 monachum,
1102 975 1157 1050 qui
1184 974 1317 1033 maximis
1346 972 1511 1051 praeconiis
1540 991 1628 1048 opere
1650 989 1709 1030 suo

439 1082 557 1142 extollit
572 1074 748 1142 Guidonem.
794 1081 870 1140 Ecce
886 1079 1086 1139 contrarietas.
1125 1078 1240 1156 Legisti
1255 1077 1414 1156 aliquando
1430 1077 1546 1155 private
1562 1073 1711 1136 Guidonis

439 1185 628 1264 opusculum,
652 1186 724 1244 dum
746 1202 822 1244 esses
843 1183 1005 1262 Bononiae,
1021 1203 1038 1242 a
1053 1202 1100 1242 me
1115 1182 1293 1260 praestitum
1308 1185 1339 1241 et
1358 1184 1420 1241 ate
1434 1200 1494 1240 non
1507 1181 1708 1240 intellectum.

440 1288 616 1349 Ohominis
643 1289 787 1363 insitiam,
820 1306 837 1347 o
866 1287 995 1346 hominis
1023 1287 1204 1346 iactantiam.
1249 1284 1325 1344 Nam
1352 1285 1384 1344 in
1413 1285 1493 1346 calce
1522 1285 1569 1344 sui
1599 1284 1708 1361 operis,

439 1393 511 1452 dum
532 1392 726 1453 monochordi
748 1391 932 1469 divisionem,
957 1409 1033 1466 quae
1055 1389 1174 1450 omnino
1198 1389 1332 1450 confusio
1355 1392 1408 1465 est,
1433 1388 1587 1468 examinat,
1611 1389 1654 1448 ait
1677 1407 1710 1446 se

439 1495 542 1558 multis
569 1496 680 1575 vigiliis
707 1514 741 1576 ac
769 1495 871 1556 labore
897 1514 957 1555 nou
983 1494 1100 1554 modico
1132 1495 1324 1570 antiquorum
1356 1496 1515 1570 praecepte
1547 1493 1708 1567 lectitasse,

438 1600 506 1659 ideo
535 1600 625 1679 velle
645 1600 677 1658 in
708 1597 766 1660 boc
793 1617 923 1658 errorem
950 1598 1169 1658 neotericorum
1195 1597 1307 1658 evitare
1317 1595 1337 1660 ¹.
1382 1597 1550 1674 Videtisne,
1587 1614 1708 1673 quaeso,

439 1723 528 1780 quam
561 1703 671 1781 inanis,
706 1721 797 1779 quam
830 1719 983 1779 arrogans,
1018 1720 1108 1779 quam
1138 1702 1295 1760 temeraria
1327 1701 1416 1760 huius
1447 1701 1575 1761 hominis
1606 1719 1710 1777 repre-

438 1801 567 1866 hensio?
614 1805 674 1865 Ubi
701 1806 884 1865 musicorum
911 1805 1070 1864 monarcha
1094 1804 1228 1883 Boetius,
1257 1804 1311 1882 qui
1336 1804 1508 1864 huiusmodi
1533 1804 1711 1864 divisionem

439 1890 684 1969 luculentissimis
722 1909 887 1969 rationibus
924 1889 1069 1986 probati*
1106 1908 1166 1968 Ubi
1198 1909 1317 1968 Aretini
1346 1908 1549 1985 Johaunisque
1582 1907 1710 1968 Garthu-

438 2013 541 2100 siensis
574 2012 680 2074 divisio
714 2012 987 2090 pervulgatissima,
1024 2032 1114 2089 quam
1143 2033 1230 2073 nemo
1261 2015 1324 2072 tam
1351 2012 1475 2090 puerilis
1508 2013 1613 2072 aetatis
1645 2015 1710 2070 tam

439 2117 596 2204 imbecillis
619 2135 733 2196 sensus,
758 2117 807 2177 oui
828 2116 1001 2176 huiusmodi
1024 2117 1236 2184 demonstratio
1259 2117 1299 2176 sit
1320 2112 1458 2176 seclusa?
1481 2116 1549 2176 Non
1572 2115 1710 2176 omittam

439 2225 592 2299 praeterea
613 2222 703 2282 huius
724 2221 782 2281 viri
805 2239 931 2280 crassam
955 2221 1034 2280 circa
1054 2220 1201 2298 principia
1229 2220 1359 2280 musicae
1381 2221 1560 2298 doctrinam,
1588 2220 1620 2279 in
1648 2239 1710 2297 qua

442 2326 630 2406 lugubrando
653 2326 707 2384 diu
728 2325 876 2385 laborasse
898 2325 1007 2402 inquit,
1031 2327 1067 2383 ut
1089 2324 1232 2384 dictiones
1254 2324 1381 2402 singulis
1404 2325 1521 2384 chordis
1542 2325 1710 2402 imponeret

439 2449 540 2506 noras,
565 2448 641 2506 quae
664 2429 700 2488 ab
723 2428 788 2506 ipso
815 2429 871 2488 hoc
899 2429 987 2488 modo
1011 2428 1236 2488 describuntur:
1265 2427 1345 2506 Paul,
1370 2429 1400 2501 li,
1424 2433 1479 2506 tar,
1499 2447 1564 2506 per,
1586 2447 1630 2502 oo,
1654 2447 1708 2500 ecs,

438 2533 474 2606 r'a,
499 2529 570 2592 test
617 2532 699 2603 Quae
721 2531 892 2591 huiusmodi
915 2531 1120 2609 descriptionis
1143 2531 1295 2592 conclusio
1319 2536 1376 2592 est:
1400 2532 1542 2592 Psclla‘tur
1558 2551 1614 2610 per
1627 2551 1710 2591 acces

438 2627 540 2719 micel.
579 2635 796 2712 Ovecordiam,
822 2654 839 2694 o
862 2636 1060 2713 ignorantiam
1082 2633 1322 2697 non'ferondaml
1346 2637 1537 2715 Recognosce
1552 2639 1582 2696 te
1597 2637 1707 2713 ipsum.

438 2740 589 2810 Describis
618 2741 696 2799 enim
724 2739 805 2817 apud
834 2740 972 2816 antiquos
999 2741 1082 2800 vario
1110 2741 1180 2800 stilo
1209 2744 1240 2800 et
1266 2761 1359 2818 paene
1386 2741 1503 2818 inutili,
1537 2743 1575 2800 ut
1604 2744 1634 2800 at
1655 2759 1710 2799 nos

440 2844 591 2904 Bononiae
613 2845 644 2902 in
666 2843 847 2905 bibliotheca
869 2843 931 2906 divi
953 2844 1103 2904 Dominici
1128 2845 1329 2906 lectitavimus
1355 2847 1425 2922 post
1449 2844 1550 2905 Boetii
1576 2844 1711 2904 codicem

439 2939 471 3019 in
491 2951 577 3025 tergo
600 2947 692 3008 fuisse
715 2947 913 3007 decantatum.
965 2946 996 3007 Si
1018 2949 1097 3007 enim
1119 2949 1199 3026 apud
1222 2948 1375 3010 Oddonom
1397 2949 1708 3024 Enohiridionemque,

439 3054 476 3110 ut
502 3051 618 3128 scribis,
649 3051 808 3112 invenisti4
837 3055 867 3111 et
888 3052 974 3129 parvi
1001 3052 1125 3130 pendas,
1155 3072 1244 3130 quem
1265 3053 1341 3113 falso
1364 3073 1418 3131 pro
1444 3052 1563 3113 nomine
1585 3053 1708 3129 proprio

440 3155 542 3232 habea,
573 3175 642 3217 cum
664 3155 784 3215 libellus
807 3156 953 3216 manualis
976 3157 1016 3215 sit
1038 3159 1068 3215 et
1091 3157 1293 3234 apocryphus,
1320 3176 1374 3218 cur
1396 3176 1455 3217 uon
1478 3157 1522 3216 vis
1545 3157 1647 3233 etiarn,
1672 3161 1710 3216 ut

442 3261 471 3340 'et
502 3260 593 3318 ceteri
623 3259 658 3317 de
687 3261 717 3318 te
746 3259 803 3320 hoc
833 3254 984 3319 sentiant?
1017 3261 1109 3320 Erant
1136 3261 1215 3320 enim
1244 3261 1324 3338 apud
1350 3261 1419 3321 illos
1441 3262 1513 3321 haec
1534 3261 1709 3322 notularum

440 3363 572 3443 nomina:
607 3362 677 3438 Noe,
707 3380 775 3439 noo,
802 3381 887 3440 enne,
918 3381 996 3440 ecoe,
1024 3363 1095 3441 epra,
1127 3364 1377 3440 quemadmodum
1400 3367 1480 3444 apud
1501 3385 1555 3426 nos
1577 3365 1708 3443 syllabae

442 3464 596 3548 Guidonis.
641 3466 704 3525 Alii
726 3485 797 3526 vero
813 3467 855 3526 sic
870 3467 1052 3545 figurarunt:
1081 3467 1139 3544 Tri,
1157 3487 1210 3544 pc,
1235 3468 1277 3541 de,
1300 3487 1365 3541 noa,
1390 3470 1435 3544 tri,
1461 3475 1494 3546 tc,
1518 3490 1594 3547 quae
1617 3469 1708 3528 etiam

440 3569 482 3628 sio
506 3569 710 3648 significabant
731 3557 770 3630 ut
788 3571 910 3648 primae.
955 3571 1000 3630 De
1016 3571 1124 3647 quibus
1147 3572 1284 3632 omnibus
1299 3573 1379 3650 apud
1401 3573 1421 3634 J
1428 3573 1600 3633 ohannem
1623 3572 1708 3632 Gar-

440 3673 657 3734 thusiensam
680 3673 751 3733 satis
773 3674 891 3734 abunde
914 3674 1036 3745 dictum.
1082 3675 1165 3734 Haec
1188 3677 1296 3735 etenim
1312 3680 1379 3736 ante
1395 3676 1513 3735 beatum
1529 3675 1707 3754 Gregorium

440 3777 569 3858 inventa.

442 3957 446 3961 .
527 3880 721 3941 Postmodum
751 3881 777 3940 si
806 3880 968 3960 Gregorius
998 3882 1059 3941 illis
1086 3886 1203 3944 tantum
1232 3888 1345 3961 septem
1373 3884 1505 3946 voluerit
1532 3863 1579 3943 uti
1607 3881 1707 3942 latinis

439 3984 549 4044 litteris
579 3985 716 4065 quotiens
744 4003 819 4062 opus
846 3986 940 4045 fuerit
965 3987 1117 4062 replicatis
1146 3991 1176 4047 et
1201 3987 1377 4048 Ambrosius
1406 3991 1497 4065 atque
1518 3987 1706 4065 Augustinus

528 4210 579 4263 ¹V
613 4251 619 4265 .
660 4252 666 4264 .
697 4252 703 4264 .

526 4297 537 4334 ²
556 4211 710 4368 Siilatsarbo
728 4297 800 4353 hebt
818 4297 848 4354 in
868 4299 919 4353 der
935 4299 1063 4367 Deferesc'o
1081 4301 1114 4356 c'rr
1127 4300 1240 4354 Nicotaa‘
1256 4300 1352 4356 Barte'i
1367 4301 1530 4356 Parmensis
1547 4301 1705 4370 opusculum

442 4383 525 4451 (1491)
544 4384 701 4439 besonders
720 4385 830 4452 hervor,
851 4384 908 4440 dass
927 4384 973 4440 die
992 4388 1089 4442 ersten
1108 4386 1170 4440 drei
1186 4385 1293 4442 Vokalo
1311 4387 1342 4442 in
1361 4387 1415 4442 den
1434 4387 1533 4448 Silbcn
1546 4389 1596 4443 des
1609 4387 1705 4442 Remis

442 4470 573 4525 zweimal
589 4471 775 4526 vorkommen
794 4475 894 4540 (questa
911 4489 925 4526 e
942 4473 1069 4541 adunque
1081 4473 1202 4542 perfecte
1221 4474 1361 4540 doctrino).

526 4557 538 4594 ³
555 4557 620 4626 Vgl.
640 4556 666 4612 S.
681 4558 714 4610 19
723 4557 741 4611 f.
921 4559 933 4596 4
952 4557 1036 4613 Siehe
1056 4557 1081 4612 S.
1095 4558 1136 4624 19,
