3734 5572
698 323 913 388 ‚75-

181 502 245 562 Fut
263 497 298 561 in
320 496 434 580 primo,
458 496 506 560 ita
525 496 648 579 aforet
667 497 700 560 in
718 500 818 561 sexto.
857 499 900 561 Et
922 497 968 562 sic
992 499 1030 562 de
1054 499 1125 563 aliis
1148 499 1228 564 locis
1245 499 1444 564 diatessaron

175 603 377 687 distantibus,
404 609 436 669 et
458 603 542 669 sicut
562 604 585 688 f
594 604 688 688 fra-ut
717 589 787 689 lfa
809 595 863 690 ut,
877 606 931 688 mi,
955 605 998 689 fa,
1022 605 1062 671 la.
1099 606 1164 672 Sed
1186 599 1202 686 l
1221 608 1270 670 mi
1290 607 1442 691 perfectis

174 713 306 778 carebit.

262 819 356 897 Quod
379 821 407 886 si
430 819 602 904 septimum
629 839 759 906 gamma
778 821 846 884 iam
868 821 1030 905 complere
1054 822 1229 904 desideras,
1255 826 1402 906 quartam
1426 845 1444 884 a

175 933 266 994 sexto
294 929 458 1012 intendas,
489 951 571 1012 quae
599 928 686 992 inter
714 930 840 993 eamr·
860 950 897 994 ac
919 929 1049 994 ucoca
1076 930 1179 994 cadet.
1226 929 1328 1016 Signa
1356 951 1441 1015 erge,

175 1059 257 1121 quae
289 1037 490 1118 diatessaron
522 1037 563 1100 ab
596 1036 660 1100 isto
694 1034 811 1101 altiora
845 1037 1016 1122 distarent,
1050 1037 1163 1102 taliter
1190 1059 1227 1102 se
1260 1037 1441 1102 habebunt:

176 1167 264 1233 erge,
288 1145 371 1210 sicut
395 1148 465 1227 (pag.
483 1148 526 1227 ol)
550 1145 674 1228 afa-ut
692 1145 730 1208 in
753 1150 853 1226 sexte,
876 1145 924 1209 ita
945 1146 967 1229 s
976 1146 1068 1229 fer-cet
1087 1145 1121 1209 in
1144 1145 1281 1229 septimo
1306 1150 1338 1210 et
1358 1147 1444 1210 sieut

175 1257 299 1318 sextum
322 1253 357 1316 in
379 1253 401 1336 s
409 1253 508 1336 faut,
531 1253 579 1316 ita
594 1253 768 1336 septimum
790 1252 824 1316 in
848 1246 926 1336 lfa,
952 1253 1026 1337 quia
1042 1253 1213 1338 utrobique
1231 1259 1276 1328 ut,
1300 1255 1354 1336 mi,
1380 1255 1442 1334 sol;

174 1362 231 1425 sed
253 1351 336 1439 dnae
358 1382 466 1425 cassus
489 1359 641 1442 perfectis
664 1360 709 1424 mi
733 1361 835 1424 solam
857 1361 1009 1426 tenebit·

261 1467 314 1533 Sic
346 1468 432 1532 enim
461 1467 615 1552 inspectis
646 1468 847 1533 documentis
879 1469 1001 1552 poteris
1038 1469 1145 1533 omnia
1177 1473 1341 1553 gemmata
1373 1469 1442 1533 sine

175 1574 296 1646 labore,
310 1575 481 1660 complere.
527 1575 595 1641 Nec
619 1577 731 1641 credas
753 1575 816 1642 boc
838 1577 996 1661 superflue
1019 1577 1169 1661 positum,
1201 1576 1229 1640 si
1252 1577 1443 1640 documenta

176 1683 363 1748 Guidonis
386 1683 569 1749 necessaria
583 1665 678 1768 ponis
694 1688 738 1765 tu,
764 1685 819 1768 qui
834 1684 978 1768 sequeris
997 1684 1111 1768 ipsum.
1150 1684 1235 1748 Nam
1252 1687 1284 1748 et
1300 1684 1442 1748 crebrius

174 1792 308 1856 veniunt
330 1791 503 1856 semitonia
532 1791 760 1856 subintellecta
789 1813 884 1874 quam
906 1791 1016 1873 realia,
1046 1791 1162 1875 quibus
1189 1792 1367 1856 cavendum
1395 1796 1444 1854 est

175 1922 194 1963 a
216 1884 379 1983 perfectis,
402 1899 466 1964 nisi
488 1920 546 1983 per
567 1901 647 1963 istas
672 1899 859 1964 coniunctas
876 1898 1094 1982 suppleantur.
1134 1898 1227 1963 Unde
1252 1899 1334 1964 bene
1357 1920 1444 1963 com-

175 2012 334 2094 ponentes
363 2007 488 2072 videbis
521 2007 708 2072 immediate
743 2007 882 2092 signare.
934 2005 999 2070 Sed
1029 2007 1113 2070 bene
1142 2007 1271 2090 quidem
1301 2029 1319 2070 a
1351 2011 1442 2090 parte

177 2115 334 2198 superiori
350 2114 461 2198 perfici
476 2119 641 2200 gemmata
662 2119 799 2198 possunt
820 2115 916 2178 modo
932 2114 1107 2197 praedicto.
1146 2114 1245 2177 Dices
1267 2134 1378 2177 verum
1402 2113 1442 2176 ab

173 2221 330 2304 inferiori,
356 2222 493 2306 qualiter
516 2223 559 2286 sit
581 2222 642 2286 tibi
664 2223 891 2287 documentum
914 2221 1074 2307 generale.
1114 2219 1207 2285 Unde
1232 2221 1368 2304 aspicias
1384 2242 1442 2304 pro

176 2350 370 2413 unoquoque
392 2329 464 2394 loco
487 2329 653 2413 implendo
678 2331 747 2394 eius
771 2334 919 2394 octavum
943 2333 976 2393 et
997 2329 1110 2394 habita
1131 2328 1326 2394 formatione
1350 2351 1444 2412 prae-

176 2437 261 2502 dicta
275 2437 376 2501 habes
398 2437 568 2502 intentum.
610 2436 704 2514 Quod
726 2437 753 2501 si
769 2437 931 2521 simplices
954 2437 1083 2515 fuerint,
1108 2437 1260 2502 videlicet
1276 2438 1441 2515 unisonus,

175 2544 281 2629 tertia,
305 2545 453 2630 [quarta]
470 2545 590 2628 quinta,
616 2549 715 2623 sexta,
741 2549 863 2628 octava,
887 2546 1042 2610 rendent¹
1065 2544 1127 2610 hoe
1142 2546 1253 2610 modo:
1276 2567 1335 2629 pro
1352 2551 1443 2610 sexta

174 2653 333 2732 tertiam2,
368 2674 427 2736 pro
457 2657 570 2718 octava
593 2654 789 2718 1111111011111113
810 2652 943 2717 realiter
965 2675 1093 2736 semper
1119 2651 1269 2737 habebis,
1305 2655 1362 2718 sed
1384 2676 1442 2737 pro

175 2765 289 2845 quarta
309 2761 475 2844 quintam⁴
499 2764 532 2824 et
556 2783 572 2824 e
596 2765 716 2825 eontra.
756 2760 849 2824 Unde
873 2761 1109 2825 animadvertas
1133 2765 1270 2845 oportet,
1297 2763 1391 2847 quod,
1416 2762 1443 2826 si

173 2869 209 2933 in
232 2868 325 2954 signo
354 2868 533 2951 composito
562 2867 663 2932 habes
691 2868 732 2950 fa,
765 2869 910 2953 quintam
937 2868 973 2932 in
1003 2870 1225 2952 componendo
1254 2874 1442 2954 sequentem

173 2997 285 3041 vocem
309 2976 447 3060 accipias
470 2976 594 3041 scilicet
617 2976 673 3057 sol,
705 2977 858 3060 quoniam
884 2976 1025 3040 illudfa
1053 2981 1167 3061 quarta
1190 2998 1252 3041 vox
1284 2983 1342 3041 est.
1389 2977 1442 3040 Sic

175 3089 207 3149 et
231 3086 269 3148 de
289 3083 361 3148 aliis
376 3085 509 3148 vocibus
525 3083 719 3167 faciendum,
744 3083 828 3148 utin
844 3088 1006 3168 gammate
1023 3085 1163 3148 seeundo
1179 3105 1195 3148 c
1209 3085 1302 3167 fec-cet
1320 3083 1443 3149 carenti

174 3196 305 3276 aspecto
327 3192 510 3275 asolfo-ut
531 3195 567 3256 ut
593 3192 638 3255 mi
661 3191 695 3255 fa
716 3191 749 3254 la
776 3196 949 3274 perornato
977 3191 1169 3256 habebimus
1192 3193 1315 3275 esa-ut
1334 3195 1370 3255 ut
1398 3191 1442 3255 mi

174 3300 223 3364 sol
244 3299 277 3364 la
301 3299 522 3383 adimpletum.
566 3299 632 3363 Sed
654 3301 737 3363 scias
761 3303 890 3383 oportet
912 3303 956 3380 ut,
987 3320 1140 3382 cumpro
1163 3299 1209 3362 mi
1231 3298 1265 3363 fa
1289 3303 1337 3364 est
1360 3299 1442 3363 acci·

174 3409 301 3490 pianda,
324 3408 400 3491 poni
418 3429 483 3471 non
499 3407 632 3487 debere;
657 3408 714 3471 sed
736 3407 792 3472 ille
813 3407 905 3472 locus
929 3407 1042 3490 quinta
1064 3407 1196 3489 carebit,
1220 3411 1256 3470 ut
1277 3407 1312 3472 in
1329 3409 1442 3472 eodem

173 3536 302 3600 gamma
329 3515 412 3595 dmi
437 3537 471 3578 re
499 3513 545 3576 mi
575 3515 624 3578 sol
655 3515 868 3598 compositum
899 3519 955 3578 est.
1008 3513 1073 3579 Sed
1101 3515 1186 3584 buci
1213 3514 1299 3579 solas
1328 3538 1362 3579 re
1393 3515 1442 3580 sol
1499 3545 1501 3552 v

174 3621 343 3699 obtinebit,
369 3623 522 3706 quoniam
544 3622 587 3706 fa,
617 3645 699 3706 quae
721 3623 793 3687 loco
817 3623 861 3686 mi
886 3626 955 3686 erat
977 3622 1171 3706 accipienda,
1203 3622 1353 3706 diapente
1376 3645 1441 3688 non

174 3732 231 3792 est.
275 3727 341 3793 Sed
363 3730 542 3794 clu-mere
564 3735 600 3793 ut
622 3752 656 3793 re
679 3729 713 3794 fa
735 3730 776 3812 la,
801 3751 869 3794 cre
891 3751 968 3794 vero
990 3734 1027 3794 ut
1049 3731 1095 3794 mi
1117 3731 1150 3795 fa
1172 3731 1217 3811 la;
1249 3732 1351 3795 sicet
1377 3736 1406 3795 Γ
1404 3737 1444 3795 ut

174 3859 209 3900 re
232 3835 276 3899 mi
300 3837 358 3920 sol,
383 3839 458 3920 quia
477 3839 664 3921 qaaere-ut
684 3842 721 3902 ut
742 3838 787 3901 mi
811 3838 860 3903 sol
884 3837 1030 3902 obtinere
1053 3835 1158 3902 visum
1182 3842 1238 3902 est.
1286 3838 1340 3904 Sic
1364 3860 1441 3924 ergo

173 3943 275 4008 habes
295 3945 492 4028 completum
507 3967 638 4030 gamma
661 3946 845 4010 secundum.
886 3944 978 4009 Siout
1001 3945 1086 4009 enim
1108 3947 1195 4009 istud
1209 3967 1340 4030 gamma
1356 3967 1441 4010 com·
1533 3993 1534 3996 ¹

172 4049 297 4134 pletum
313 4056 371 4132 est,
394 4049 449 4116 ica'
465 4057 497 4116 et
519 4053 584 4117 alia
599 4054 791 4137 complenda
813 4053 873 4119 tibi
888 4051 1045 4136 relinquo.
1085 4053 1168 4118 Item
1188 4055 1366 4118 notandum
1382 4059 1441 4137 est,

174 4158 272 4242 quod,
307 4161 576 4243 quemadmodum
603 4161 693 4226 locus
728 4161 967 4245 componendus
995 4165 1083 4225 earet
1111 4161 1276 4244 diapente,
1306 4183 1378 4226 cum
1408 4162 1442 4225 fa

173 4288 232 4350 pro
254 4266 300 4330 mi
324 4271 373 4331 est
396 4272 593 4352 accepturus,
617 4269 665 4334 ita
688 4291 762 4334 cum
778 4268 975 4353 compositus
999 4289 1108 4332 cassus
1132 4267 1174 4332 sit
1189 4267 1342 4351 perfecta,
1368 4269 1442 4353 quia

173 4373 218 4437 mi
242 4375 482 4458 componendus
506 4376 667 4441 obtinebit
689 4381 725 4442 ut
748 4378 782 4440 in
804 4380 967 4462 gemmato
991 4381 1104 4461 quarto
1112 4379 1133 4457 ⁵,
1158 4375 1282 4440 scilieet
1304 4377 1440 4459 daolre,

261 4607 460 4663 ¹rcndebunt.
548 4609 672 4664 ²tertia.
758 4609 935 4665 ³nnisonus.
1022 4609 1162 4678 ⁴quinta.
1250 4609 1389 4678 ⁵quinto.
