3742 5528
932 317 1149 384 „23-

495 488 531 554 Si
554 494 662 555 autem
677 490 780 555 lector
801 513 867 557 non
889 493 936 557 ita
951 491 1047 556 facile
1070 512 1129 576 per
1142 492 1272 557 notulas
1287 497 1396 576 potest
1411 493 1588 558 discurrere
1605 513 1678 556 cum

407 599 495 663 vocis
526 597 706 665 elevatione
737 621 795 666 seu
825 601 1042 684 depressione,
1075 601 1116 665 ad
1141 600 1397 667 monochordum
1424 606 1568 665 recurrat
1597 605 1629 664 et
1658 623 1679 664 a

407 707 504 770 tertia
525 727 604 771 voce
619 706 778 790 incipiens
793 729 895 792 usque
918 709 1044 772 adeius
1060 712 1206 772 octavam
1222 710 1417 774 conscendat
1440 713 1473 773 et
1491 708 1533 773 ad
1546 707 1678 772 tertiam

408 835 521 878 vocem
538 814 740 898 descendat1,
761 819 798 880 ut
813 816 933 880 dictum
955 815 1019 880 fuit
1041 816 1182 900 capitulo
1206 816 1354 900 [septimo
1376 819 1534 880 tractatus
1555 815 1677 900 primil.

409 920 504 987 Multi
518 920 665 987 volentes
687 926 793 990 totum
814 923 926 1010 igitur,
952 924 1038 1008 quod
1061 923 1182 989 dictum
1204 923 1276 1006 fuit,
1301 925 1418 989 debere
1440 925 1511 989 fieri
1534 946 1606 989 cum
1627 924 1678 986 in-

407 1035 597 1113 strumento,
620 1033 725 1095 nunc²
741 1031 809 1098 ¹hoc
833 1031 901 1096 sine
925 1053 964 1096 eo
986 1030 1094 1096 facere
1117 1013 1241 1096 scient3
1262 1017 1384 1097 notulis
1407 1033 1569 1117 inspectis.

782 1373 1026 1456 capitulum
1054 1373 1301 1444 secundum.

724 1631 725 1636 ἵ
760 1541 888 1615 Fictae
915 1543 1080 1616 musicae
1109 1545 1321 1618 declaratio.

459 1728 486 1792 T
509 1733 617 1793 autem
647 1727 759 1793 dehis
789 1727 890 1813 signis
914 1731 1010 1811 atque
1035 1728 1156 1793 notulis
1185 1728 1313 1812 plenior
1334 1728 1494 1793 habeatur
1523 1731 1675 1816 cognitio,

474 1838 583 1921 aliqua
598 1837 682 1901 circa
697 1835 759 1900 hoc
775 1834 925 1900 subtilius
941 1815 1220 1922 iniestigabimus.
1257 1835 1371 1902 Solent
1392 1837 1477 1901 enim
1499 1836 1561 1902 alia
1585 1838 1677 1924 signa

407 1949 443 2012 in
462 1946 614 2011 'cantibus
637 1944 723 2029 poni,
747 1965 806 2032 per
828 1966 910 2028 quae
934 1944 1087 2008 distantia
1101 1942 1378 2029 intercapedinum
1401 1945 1607 2031 cognoscitur
1628 1947 1678 2011 in-

411 2054 565 2139 aequalis.
594 2052 738 2130 Quorum
755 2052 892 2116 alterum
915 2051 961 2116 sic
979 2055 1015 2127 tl
1033 2053 1172 2117 rotundo
1189 2051 1349 2128 scribitur,
1374 2051 1512 2116 alterum
1531 2075 1607 2118 vero
1631 2055 1676 2118 sic

406 2184 422 2254 p
444 2162 603 2246 quadrum
624 2160 789 2246 figuratur.
835 2160 979 2224 Primum
1003 2161 1131 2247 signum
1153 2167 1169 2238 p
1188 2160 1286 2226 molle
1311 2161 1428 2225 dicitur
1449 2161 1516 2225 sive
1533 2167 1549 2236 t
1567 2166 1677 2226 rotun-

409 2272 494 2353 dum,
526 2270 701 2335 secuudum
724 2289 801 2332 vero
825 2281 841 2347 ξ
866 2269 1057 2352 quadratum
1087 2269 1156 2333 sive
1183 2277 1199 2366 p
1225 2263 1352 2346 durum;
1381 2279 1397 2348 h
1424 2269 1615 2352 quadratum
1645 2274 1677 2334 et

407 2379 424 2455 h
441 2377 615 2443 rotundum
632 2376 836 2460 appellantur
859 2399 878 2440 a
892 2376 1014 2461 figurae
1031 2376 1196 2460 qualitate,
1222 2377 1279 2440 sed
1301 2379 1318 2453 b
1335 2376 1433 2442 molle
1450 2381 1506 2441 aut
1528 2371 1543 2455 h
1563 2378 1677 2441 durum

408 2485 527 2550 dicitur
545 2507 584 2548 ex
601 2505 649 2566 eo,
673 2484 759 2568 quod
775 2487 928 2548 canentes
951 2506 1009 2566 per
1024 2483 1150 2548 litteras
1167 2483 1367 2570 Gregorii,
1385 2485 1512 2568 quando
1537 2485 1577 2550 ab
1600 2506 1623 2548 u
1642 2485 1677 2548 in

409 2594 430 2658 b
453 2593 576 2658 faciunt
599 2592 814 2673 semitonium,
839 2591 921 2655 illud
943 2592 964 2656 b
989 2591 1099 2656 dicunt
1127 2591 1234 2669 molle,
1264 2592 1347 2676 quia,
1372 2592 1501 2656 cumin
1524 2593 1621 2656 arsim
1645 2597 1677 2656 et

408 2701 526 2766 thesim
557 2700 657 2766 saltus
684 2699 721 2763 fit
742 2720 801 2783 per
823 2698 1040 2781 semitonium,
1069 2699 1193 2785 magis⁶
1215 2699 1377 2764 mollescit
1406 2721 1469 2764 vox
1495 2699 1553 2763 illa
1581 2721 1676 2783 quam

409 2810 536 2894 quando
564 2829 622 2892 per
648 2812 770 2886 tonum,
802 2808 884 2871 siout
911 2828 932 2870 o
958 2790 975 2865 l
999 2807 1107 2889 mollo,
1139 2829 1160 2871 o
1189 2803 1229 2886 hl
1262 2809 1419 2892 quadrum
1453 2809 1575 2872 durum.
1623 2806 1677 2871 Sic

410 2916 507 2981 etiam
539 2916 667 3000 quando
696 2937 754 2998 per
784 2915 1014 2979 semiditonum
1042 2917 1147 3002 magis
1178 2916 1276 2981 molle
1307 2938 1403 3000 quam
1431 2937 1490 2999 per
1520 2915 1674 2996 ditonum,

409 3023 492 3088 sicut
512 3045 532 3107 9
556 3015 571 3087 h
597 3023 704 3106 molle,
727 3044 747 3106 9
771 3015 809 3094 ll
832 3023 989 3106 quadrum
1013 3024 1135 3088 durum.
1183 3023 1341 3088 Similiter
1357 3024 1557 3088 diatessaron
1572 3023 1676 3108 magis

408 3131 507 3197 molle
531 3153 627 3216 quam
649 3131 798 3214 tritonus,
823 3131 906 3195 sicut
928 3132 950 3214 f
967 3119 982 3192 h
1000 3131 1108 3213 molle,
1132 3133 1155 3215 f
1172 3121 1210 3210 hl
1233 3132 1390 3216 quadrum
1413 3132 1627 3195 durissimum.

493 3239 542 3304 Ex
569 3237 621 3302 his
647 3242 738 3322 patet
769 3261 857 3303 error
886 3240 1086 3324 quorundam
1110 3244 1286 3319 cantorum,
1318 3241 1372 3324 qui
1400 3239 1511 3304 dicunt
1538 3227 1554 3302 l
1578 3238 1676 3312 molle

408 3351 464 3411 aut
490 3337 541 3427 hl·
559 3346 759 3430 quadratum.
805 3347 940 3412 Duobus
969 3347 1055 3411 enim
1078 3347 1182 3412 modis
1212 3352 1334 3412 errant:
1364 3348 1478 3431 primo,
1511 3347 1587 3430 quia
1613 3346 1677 3430 ipsi

408 3456 540 3519 cantant
568 3475 626 3537 per
649 3452 807 3538 syllabam
831 3454 1036 3522 (luidonis
1069 3459 1101 3519 et
1127 3477 1192 3520 nou
1222 3477 1280 3539 per
1310 3454 1435 3518 litteras
1465 3453 1674 3540 Gregorii,

407 3583 512 3645 neque
535 3561 636 3647 igitur
659 3556 791 3627 lmolle
814 3584 918 3646 neque
942 3552 982 3637 hl
1005 3563 1158 3646 quadrum
1184 3563 1297 3626 durum
1317 3563 1536 3645 pronuntiant,
1561 3562 1617 3626 sed
1639 3563 1677 3644 fo

409 3674 466 3734 aut
488 3670 543 3734 mi.
592 3667 740 3734 Secundo
763 3691 828 3734 non
851 3669 975 3735 faciunt
997 3675 1120 3736 rectam
1143 3670 1348 3750 relationem;
1376 3692 1452 3734 nam
1476 3669 1604 3754 quando
1628 3669 1676 3732 di-

407 3783 484 3843 cunt
517 3769 557 3859 ξθ
591 3777 791 3862 quadratum,
827 3778 947 3843 debent
981 3779 1269 3862 correspondenter
1303 3779 1408 3846 dicere
1447 3768 1463 3840 h
1491 3778 1674 3866 rotundum,

496 4006 504 4042 ¹
524 4003 651 4058 scandat.
826 4005 837 4042 2
854 4003 893 4056 in.
1067 4006 1079 4044 3
1096 4005 1178 4058 sciet.

492 4092 503 4128 4
522 4089 575 4144 Bei
586 4089 684 4144 Ramis
697 4090 866 4146 bezeichuot
878 4092 893 4144 b
906 4090 1015 4146 sowohl
1026 4091 1082 4144 den
1091 4089 1151 4144 Tou
1162 4089 1188 4142 B
1199 4090 1249 4144 des
1259 4088 1527 4143 mittelalterlichen
1538 4087 1676 4157 Systems,

407 4175 450 4230 als
470 4176 544 4230 auch
563 4177 613 4231 das
631 4177 813 4230 caelandum.
844 4178 899 4232 Um
911 4195 971 4231 uun
984 4178 1124 4231 Irrtilmer
1141 4193 1175 4230 zu
1187 4175 1362 4243 uermeiden,
1380 4175 1420 4228 ist
1437 4174 1484 4228 fiir
1501 4176 1677 4230 brotumlum

408 4262 596 4317 abweichend
614 4280 680 4318 vom
699 4263 829 4332 Original
849 4263 895 4318 die
914 4263 1031 4318 r'ibliche
1050 4262 1129 4332 'I'ype
1149 4250 1163 4326 h
1188 4261 1316 4331 geuthlt
1333 4261 1457 4316 worden.
1499 4260 1556 4315 Fur
1578 4263 1676 4330 dqua-

405 4351 516 4402 dratum
534 4349 574 4403 ist
593 4349 639 4404 die
659 4348 866 4404 Schreibweise
886 4340 901 4427 h
920 4349 1084 4418 quadratum
1106 4348 1373 4418 beziehungsweise
1395 4349 1543 4417 quadrum,
1566 4347 1675 4403 welche

406 4434 502 4490 Remis
521 4435 552 4490 in
571 4436 627 4491 den
645 4436 769 4492 meister
787 4436 888 4490 Fallen
907 4436 1069 4502 anwendet,
1088 4434 1297 4504 durchgefiihrt
1315 4434 1439 4490 worden.
1576 4435 1578 4440 '

493 4524 504 4562 ⁵
523 4521 707 4576 semitonium
725 4522 826 4576 maius.
912 4563 914 4570 .

493 4610 505 4647 ⁶
524 4608 550 4662 b,
