3742 5528
938 322 1152 392 -30-

415 499 607 565 semiditono
625 499 771 566 ditonum
795 501 889 566 etde
913 499 1025 570 ditono
1048 501 1277 567 semiditonum
1300 502 1394 568 etde
1418 502 1490 567 eliis
1513 502 1682 586 speciebus

414 607 572 674 similiter.
657 633 666 656 ··
1215 667 1216 676 ,

481 715 543 804 ΙΕὲ
566 716 612 781 sic
634 717 718 782 bene
742 717 861 799 dieunt,
891 717 966 801 quia
996 719 1190 784 admodum
1212 718 1469 805 diezeugmenon
1496 723 1529 783 et
1551 740 1683 801 synem-

416 845 535 889 menon
547 823 826 890 tetrachordorum
841 846 876 889 se
888 824 1010 891 habent
1025 826 1088 890 ista
1102 825 1307 892 hexachorda
1323 827 1503 892 coniuncta.
1531 825 1682 891 Semotus

415 955 434 1001 a
462 953 539 996 vera
573 932 757 1015 cognitione
785 931 988 998 lohannes
1018 933 1214 998 Tinctoris
1251 933 1297 999 sic
1329 935 1396 1002 aits
1424 933 1604 999 Coniuncta
1634 937 1683 998 est

414 1040 534 1122 positio
550 1039 566 1100 t
585 1029 671 1121 autt
689 1040 724 1104 in
745 1039 817 1105 loco
832 1040 1004 1126 irregulari
1012 1046 1032 1105 ¹.
1063 1041 1148 1106 Nam
1163 1043 1192 1106 si
1207 1042 1337 1128 signum
1352 1029 1369 1102 t
1385 1042 1494 1107 mollis
1508 1046 1683 1127 poneretur

412 1148 447 1211 in
462 1146 641 1230 caol-form
653 1147 706 1212 vel
719 1148 754 1212 in
776 1148 841 1214 alio
863 1147 945 1232 loco,
962 1149 1018 1214 ubi
1032 1149 1182 1233 facesset,
1203 1148 1425 1236 irregulariter
1441 1155 1527 1214 esset
1541 1151 1682 1235 positum

416 1266 487 1334 (pag.
504 1267 549 1328 24)
579 1260 611 1321 et
637 1259 747 1320 tamen
775 1257 946 1322 coniuncta
973 1279 1039 1322 non
1068 1262 1161 1340 esset,
1191 1257 1238 1323 ita
1261 1258 1290 1322 si
1315 1249 1332 1336 t
1356 1259 1512 1342 quadrum
1542 1258 1599 1323 ubi
1625 1259 1681 1321 mi.

418 1362 512 1440 Quod
533 1363 561 1428 si
583 1347 601 1422 t
622 1367 762 1447 ponatur
783 1365 818 1429 in
841 1365 859 1428 b
881 1367 938 1448 νην,
966 1367 1137 1431 coniuncta
1164 1365 1200 1430 fit
1229 1370 1392 1430 ettamen
1419 1365 1509 1430 locus
1533 1369 1583 1430 est
1604 1365 1683 1429 irre-

414 1471 535 1557 gularis
550 1472 652 1556 ipsius
670 1459 696 1556 t,
722 1471 776 1557 qui
795 1477 909 1538 octava
932 1478 981 1538 est
1004 1475 1045 1538 ad
1064 1463 1080 1538 t
1097 1475 1281 1539 rotundum.
1329 1473 1410 1540 Cum
1425 1473 1527 1559 igitur
1549 1474 1584 1536 in
1604 1473 1685 1565 dmi

414 1581 620 1664 seponatur,
650 1585 764 1645 octavo
787 1581 859 1646 loco
890 1604 909 1645 a
937 1582 983 1665 fo,
1013 1583 1099 1666 quod
1125 1583 1257 1665 ponitur
1283 1583 1317 1647 in
1345 1583 1422 1646 trite
1452 1602 1683 1666 synemmenon

415 1687 571 1770 diapason
593 1709 747 1752 resonans
771 1691 1023 1772 consonantiam,
1052 1695 1092 1754 ut
1115 1689 1251 1755 habebit
1279 1694 1312 1754 et
1333 1689 1474 1774 reliquas
1496 1711 1593 1753 voces
1616 1689 1683 1752 sin-

417 1794 510 1880 gulas
540 1795 676 1880 singulis
703 1795 874 1861 referendo
905 1797 940 1860 in
968 1797 1123 1882 diapason
1151 1797 1362 1863 consonantia
1391 1820 1463 1862 cum
1493 1797 1565 1861 aliis
1596 1818 1684 1861 reso-

415 1907 563 1971 nantes.¹
594 1901 685 1968 Sicut
712 1903 814 1990 igitur
843 1910 883 1968 ut
911 1926 1143 1989 synemmenon
1175 1907 1215 1971 ab
1248 1911 1289 1970 ut
1317 1907 1573 1991 diezeugmenon
1604 1909 1683 1969 tono

420 2014 599 2093 superatur,
627 2011 674 2075 ita
700 2011 859 2076 eristius
890 2035 909 2076 a
942 2019 972 2078 Γ
984 2019 1024 2078 act
1047 2017 1126 2079 tono
1155 2014 1288 2096 suberit,
1319 2014 1405 2098 quod
1433 2013 1614 2096 appellatur
1643 2013 1684 2077 ab

413 2117 494 2202 ipsis
516 2119 697 2202 retropolis,
723 2119 807 2204 quia,
832 2142 905 2184 cum
931 2126 959 2185 Γ
971 2127 1012 2185 ut
1034 2121 1069 2186 in
1092 2121 1197 2206 capite
1220 2121 1347 2207 pollicis
1370 2122 1608 2206 superpositum
1631 2120 1681 2202 sit,

415 2228 502 2290 retro
531 2225 637 2310 ipsum
667 2229 701 2290 in
729 2228 834 2311 prima
863 2228 988 2293 scilicet
1015 2230 1167 2304 exteriori
1194 2231 1343 2295 iunctura
1370 2229 1464 2314 digiti
1491 2229 1622 2313 ponitur
1652 2232 1685 2292 et

415 2333 562 2418 sequitur
583 2335 617 2398 in
642 2340 672 2399 Γ
685 2341 724 2399 ut
744 2357 787 2418 νε,
818 2337 853 2399 in
875 2347 930 2400 ενε
951 2338 1007 2419 mc',
1031 2337 1066 2401 in
1089 2339 1156 2402 boet
1176 2339 1226 2422 fc,
1251 2339 1308 2402 sed
1333 2339 1367 2402 in
1390 2339 1509 2421 afa-ut
1527 2339 1574 2400 sol
1597 2341 1628 2400 et
1649 2335 1684 2399 in
1728 2387 1731 2391 .

414 2443 437 2506 d
449 2443 546 2506 notre
568 2443 608 2506 lo.
629 2507 631 2512 ,
655 2441 708 2507 Sic
733 2437 766 2507 et
788 2444 829 2507 ad
851 2445 907 2526 νην,
938 2445 1023 2528 quod
1045 2445 1176 2528 ponitur
1197 2447 1232 2509 in
1255 2447 1383 2529 aso-ut
1409 2445 1614 2525 elevandum,
1646 2449 1685 2507 ut
1715 2457 1718 2462 '

414 2550 546 2632 ponitur
567 2550 601 2613 in
624 2571 695 2631 ενε,
721 2554 753 2615 et
776 2549 957 2634 completur
978 2552 1065 2654 istud
1086 2550 1326 2617 hexachordum
1348 2554 1383 2617 in
1405 2554 1529 2637 ffout.

819 2851 1063 2933 capitulum
1089 2855 1277 2927 tertium.

702 3021 783 3094 ,De
812 3017 1096 3095 coniunctorum
1124 3025 1337 3120 cognitione
1347 3019 1370 3092 ².

415 3205 706 3340 CONIUNOTAE
730 3211 847 3290 autem,
872 3229 953 3291 quae
977 3229 1034 3290 per
1056 3209 1264 3272 semitonium
1280 3229 1392 3273 vocem
1416 3232 1435 3274 a
1456 3209 1528 3275 loco
1551 3210 1682 3294 proprio

461 3315 652 3400 deprimunt,
671 3314 875 3398 appellantur
888 3315 928 3379 ab
943 3314 1023 3398 ipsis
1036 3316 1225 3382 coniunctae
1238 3301 1384 3395 tmollis3
1402 3317 1458 3381 sed
1475 3339 1556 3401 quae
1570 3318 1683 3382 eodem

417 3425 583 3490 elevantur
598 3422 781 3504 semitonio,
799 3415 814 3501 l
834 3422 990 3506 quadrati.
1033 3423 1084 3487 Ad
1098 3423 1230 3488 brevem
1247 3428 1355 3489 autem
1370 3425 1682 3510 uniuscuiuscunque

416 3534 606 3598 coniunctae
630 3530 850 3616 cognitionem
872 3536 913 3594 ut
931 3529 993 3595 hoc
1015 3530 1158 3614 interest,
1184 3537 1220 3597 ut
1243 3533 1373 3617 cognito
1397 3532 1469 3598 loco
1493 3533 1681 3598 coniunctae

416 3641 456 3706 ab
488 3639 602 3705 eodem
627 3660 685 3722 per
711 3639 875 3702 iuncturas
903 3639 1143 3703 retrocedamus
1174 3640 1331 3704 dieentes:
1359 3641 1405 3724 fu,
1429 3642 1484 3724 νην,
1508 3662 1550 3724 νε,
1580 3646 1626 3723 ut,
1655 3641 1683 3705 si

415 3736 430 3812 t
449 3747 565 3829 mollis,
591 3751 646 3811 aut
663 3748 720 3829 νην,
743 3767 786 3829 νε,
810 3751 857 3828 ut,
882 3747 909 3810 si
925 3737 941 3826 t
960 3747 1116 3831 quadrati.
1163 3746 1256 3812 Unde
1274 3747 1328 3832 qui
1350 3748 1434 3812 bene
1458 3749 1575 3830 omnia,
1600 3771 1682 3833 quae

417 3856 607 3933 dictasunt,
631 3854 816 3937 inspexerit,
845 3853 957 3918 taliter
982 3877 1113 3919 manum
1141 3855 1352 3939 compositam
1379 3861 1467 3920 recte
1491 3858 1681 3940 conspiciet:

416 3964 455 4027 In
485 3961 657 4045 retropolis
687 3961 811 4026 scilicet
836 3967 889 4044 ut,
919 3961 954 4026 in
985 3967 1013 4026 Γ
1012 3967 1052 4027 at
1070 3968 1110 4027 ut
1129 3984 1179 4045 νε,
1210 3962 1244 4026 in
1270 3985 1324 4027 ενε
1346 3968 1392 4047 ut,
1415 3985 1457 4046 νε,
1482 3966 1537 4046 mc',
1561 3964 1596 4028 in
1618 3964 1685 4028 emt

415 4076 462 4148 ut,
485 4091 527 4153 νε,
551 4071 607 4148 mi,
631 4071 677 4154 fu,
702 4070 735 4134 in
758 4070 881 4154 eso-ut
901 4092 976 4136 vero
999 4077 1046 4154 ut,
1068 4093 1111 4154 νε,
1135 4073 1192 4154 mc,
1215 4072 1261 4155 fu,
1285 4073 1338 4153 sol,
1363 4072 1397 4135 in
1419 4073 1551 4147 dentre,
1570 4078 1615 4155 ut,
1640 4094 1681 4155 νε,

422 4405 431 4412 ,
503 4351 513 4386 1
529 4347 745 4416 Dc'ffiscc'tore'um.
778 4345 842 4414 Vgl.
857 4346 1116 4415 Coussemaker,
1131 4346 1350 4422 ScriptoreslV,
1364 4347 1443 4402 1801]
1461 4337 1488 4401 u]
1502 4347 1682 4404 H.Beller·

413 4451 525 4501 mann,
546 4433 680 4489 ›Joannis
694 4432 837 4487 Tinctoris
855 4433 1042 4488 terminorum
1055 4434 1181 4489 musicae
1195 4433 1411 4488 diffinitorinm‹
1431 4423 1462 4488 in
1475 4423 1682 4512 ‚Chrysander's

414 4519 611 4574 Jahrbnchern
628 4520 675 4573 fiir
693 4507 904 4576 musikalisehe'
917 4519 1129 4575 Wissenschsft
1146 4520 1167 4588 I,
1180 4519 1221 4572 75.
1635 4507 1637 4514 ¹

500 4605 820 4676 2Kspite1-nbteilung
838 4606 892 4660 wie
910 4593 1090 4662 llberschrift
1107 4607 1188 4663 fehlt.

1861 3897 1864 3930 t

1863 3952 1864 3992 l
