3742 5528
726 339 938 404 ..59-

197 512 288 579 coelo
313 512 502 578 attribuitur
523 512 653 578 stellato
684 512 991 579 sivefirmamento.
1036 514 1121 580 Nam
1148 515 1201 581 hic
1228 517 1342 582 modus
1373 535 1470 601 super

197 641 309 686 omnes
333 621 414 686 alios
436 621 537 687 habet
568 622 730 705 quandam
752 621 884 686 insitam
910 621 1113 688 dulcedinem
1140 644 1213 688 cum
1245 629 1413 692 venustate
1437 632 1470 692 et

195 729 349 795 immunis
373 734 423 795 est
445 730 486 795 ab
510 729 659 794 omnibus
688 729 898 813 qualitatibus
927 731 1076 794 et'omni
1106 733 1240 817 negotio
1262 733 1466 798 conveniens.

198 838 323 904 Guido
354 842 387 902 et
416 837 524 902 Oddo
548 837 667 901 'dicunt
693 837 800 920 ipsum
821 837 961 922 gloriam
982 843 1226 923 repraesentare
1249 861 1309 904 nec
1331 841 1468 908 multum

197 945 396 1012 descendunt
418 949 454 1009 ut
477 945 602 1010 dicunt:
631 967 690 1029 per
713 948 837 1030 septem
866 949 990 1010 aetates
1025 945 1239 1012 discurrentes
1270 947 1465 1027 laboramus,

196 1054 231 1118 in
254 1057 369 1118 octava
390 1074 467 1118 vero
490 1051 636 1137 requiem
659 1052 700 1117 ab
723 1052 873 1118 omnibus
894 1053 1061 1126 laboribus
1085 1059 1300 1139 expectamus.
1374 1121 1377 1130 ,

283 1161 332 1224 Ex
353 1160 405 1225 his
429 1181 507 1246 ergo
528 1163 619 1244 patet
640 1171 783 1240 mu-(pag.
801 1171 845 1234 46)
861 1160 947 1225 sicae
967 1160 1126 1226 humanae
1151 1166 1184 1226 et
1198 1163 1380 1237 mundanae
1396 1186 1468 1229 cum

196 1268 437 1334 instrumentali
466 1267 725 1358 convenientia.)
756 1267 834 1332 Sed¹
848 1268 910 1334 hoc
939 1269 1228 1352 superficietenus
1258 1272 1379 1337 dictum
1408 1277 1465 1354 est,

197 1376 395 1442 insecundo
420 1376 511 1460 enim,
530 1379 562 1440 et
583 1375 681 1440 tertio
703 1375 788 1441 libro
811 1376 914 1448 multa
943 1399 1052 1442 sumus
1076 1377 1216 1442 dietum·
1247 1379 1336 1444 Haec
1359 1384 1468 1445 autem

198 1484 250 1550 hic
273 1486 449 1569 posuimus,
488 1487 525 1547 ut
558 1483 689 1548 interim
727 1483 870 1555 animum
902 1484 1034 1549 lectoris
1068 1485 1319 1551 assuefaciamus
1355 1492 1387 1552 et
1419 1488 1468 1553 illi

195 1592 413 1679 ignorantiam
451 1591 635 1678 negationis
673 1591 864 1656 auferamus.
910 1593 1019 1684 Patet
1037 1575 1139 1679 igitur
1176 1617 1215 1658 ex
1248 1595 1341 1659 dictis
1379 1617 1468 1660 oom-

197 1700 419 1784 parationibus
455 1703 487 1764 et
515 1699 762 1765 auctoritatibus
800 1721 1059 1784 unumquemque
1097 1705 1211 1766 tonum
1239 1702 1398 1767 diversam
1426 1705 1467 1768 ab

199 1808 301 1873 altero
324 1808 515 1892 qualitatem
537 1807 667 1872 habere.
785 1832 786 1835 ¹

284 1916 377 1995 Quod
400 1918 428 1980 si
450 1916 554 1981 adhuc
576 1916 663 1982 idem
687 1917 805 1981 certius
832 1917 970 2000 probare
997 1916 1080 1989 libet
1109 1919 1301 1984 auctoritate
1326 1924 1359 1984 et
1382 1941 1467 1985 com-

195 2025 363 2110 paratione
383 2025 499 2108 perid,
524 2046 543 2088 a
564 2045 629 2107 quo
644 2023 768 2088 musica
782 2024 883 2088 traxit
905 2023 1073 2110 originem,
1098 2029 1134 2089 ut
1156 2025 1328 2091 Hesiodo
1351 2027 1466 2110 placet,

195 2155 303 2197 musas
325 2153 444 2198 novem
465 2131 549 2195 filias
571 2132 658 2196 Iovis
683 2135 715 2195 et
738 2133 912 2197 memoriae
941 2130 1052 2195 taliter
1081 2132 1297 2216 disponemus,
1326 2139 1362 2198 ut
1386 2157 1466 2216 eam,

201 2263 281 2324 quae
308 2239 396 2304 bella
418 2244 537 2322 narrat,
561 2239 657 2303 Marti
679 2239 844 2304 tradamus
868 2243 900 2304 et
923 2239 969 2304 sic
991 2243 1068 2310 tono
1091 2238 1239 2326 phrygio,
1262 2241 1309 2306 ita
1332 2245 1364 2306 et
1388 2264 1467 2324 eam,

198 2370 280 2432 quae
312 2347 497 2432 tragoedias
535 2347 619 2410 sive
642 2347 756 2411 caedes
794 2351 1034 2430 commemorat,
1063 2345 1204 2413 Saturno
1238 2370 1275 2413 ac
1291 2415 1293 2420 ,
1311 2371 1370 2434 per
1406 2349 1468 2414 hoo

197 2455 383 2540 mixolydio,
408 2476 489 2539 quae
512 2476 588 2520 vero
611 2454 772 2518 laetitiam
793 2455 924 2537 indicat,
942 2453 1077 2520 Veneri.
1122 2454 1165 2519 Et
1187 2457 1233 2520 sic
1257 2479 1467 2541 unamquam-

198 2584 259 2647 que
290 2584 454 2627 musarum
485 2563 565 2627 locis
587 2563 711 2628 'debitis
744 2563 974 2627 collocabimus
1013 2563 1189 2628 secundum
1221 2563 1407 2629 Martiani
1436 2569 1468 2630 et

197 2671 392 2736 Macrobii
415 2671 633 2735 auctoritates.
680 2669 734 2735 Sic
763 2675 796 2735 et
822 2671 993 2754 unicuique
1010 2691 1145 2735 ¹uersum
1167 2671 1380 2756 imponemus,
1410 2695 1469 2757 per

198 2802 294 2863 quem
323 2777 546 2844 convenientia
574 2800 646 2842 cum
673 2781 797 2843 musica
826 2779 1006 2843 denotetur.
1030 2861 1033 2865 Ι
1055 2777 1273 2863 Disponemus
1306 2802 1383 2866 ergo
1414 2804 1467 2846 eas

199 2888 254 2969 sio,
279 2891 315 2950 ut
338 2886 454 2950 Thalia
476 2887 642 2950 silentium
664 2890 775 2950 teneat
798 2885 881 2950 siout
895 2886 1004 2949 Terra.
1050 2885 1177 2951 Deinde
1194 2885 1341 2952 Olionem
1356 2889 1466 2954 Lunae
1528 2890 1532 2898 '

198 2993 421 3076 attribuemus,
457 2994 514 3064 sed
553 2992 722 3077 Calliopen
751 2993 910 3058 Mercurio
945 2993 1122 3058 dicabimus
1160 3016 1196 3058 ao
1233 2995 1468 3078 Terpsichoren

198 3102 317 3167 Veneri
355 3101 531 3187 affigemus.
570 3101 819 3184 Melpomenen
855 3101 922 3166 Sol'
950 3100 1156 3180 decolorabit,
1195 3101 1295 3166 Erato
1331 3103 1468 3168 Martem

195 3210 355 3294 incitabit,
373 3209 557 3292 Euterpen¹
580 3208 707 3301 Jupiter
722 3209 913 3274 benevolam
929 3208 1007 3273 facit
1024 3213 1056 3273 et
1070 3209 1198 3291 laetam,
1221 3205 1467 3296 Polyhymniam
1546 3203 1551 3208 ’

197 3341 274 3383 vero
298 3318 458 3383 Saturnus
481 3316 661 3381 contristat.
707 3316 849 3382 Ultimae
872 3339 949 3384 vero
972 3317 1133 3382 Euraniae
1156 3317 1282 3382 coelum
1303 3319 1468 3385 stellatum

198 3426 288 3491 dabit
311 3427 460 3491 decorem
483 3446 519 3489 ac
534 3425 689 3508 requiem.
730 3424 811 3489 Cum
833 3425 933 3511 igitur
957 3449 975 3489 a
997 3426 1102 3509 prima
1123 3425 1209 3490 idest
1232 3448 1251 3490 a
1273 3427 1403 3493 silentio
1427 3428 1467 3492 ad

199 3534 347 3599 ultimam
391 3532 546 3599 circulum
582 3531 718 3596 facimus
757 3537 789 3596 et
826 3533 867 3597 ad
910 3534 1083 3598 secundem
1126 3537 1231 3598 totum
1276 3540 1466 3600 concentum

197 3642 400 3707 remittentes
432 3639 635 3724 recurrimus,
676 3640 890 3724 hypodorium
921 3663 1136 3725 procreamus.
1191 3640 1468 3719 Quemadmodum

197 3751 299 3836 igitur
322 3751 361 3814 de
384 3749 455 3813 istis
483 3748 627 3828 fecimus,
658 3748 697 3813 de
720 3749 853 3832 reliquis
880 3749 1064 3814 faciendum
1094 3771 1164 3814 esse
1193 3749 1396 3832 arbitramur,
1420 3750 1467 3814 ita

199 3858 284 3940 quod
307 3858 409 3940 spiras
437 3856 544 3920 facere
575 3878 643 3921 non
673 3877 843 3940 cessemus,
874 3857 975 3921 donec
1005 3857 1045 3920 ad
1072 3856 1219 3921 ultimam
1246 3878 1372 3921 musam
1394 3880 1467 3941 per-

198 3966 372 4046 veniamus,
398 3987 417 4028 a
440 3987 503 4048 qua
525 3965 696 4048 superflua,
721 3965 748 4028 si
770 3963 836 4047 fiat,
862 3963 923 4028 erit
944 3963 1092 4046 intentio,
1118 3965 1269 4049 quoniam
1298 3965 1466 4048 replicatio

199 4071 315 4154 prioris
339 4075 396 4154 est,
426 4077 463 4136 ut
489 4073 686 4158 Rogerius
715 4071 893 4156 Gaperon
920 4072 1086 4137 asserebat
1116 4094 1185 4136 esse
1217 4071 1326 4136 crisim
1353 4094 1466 4138 vocem

197 4178 288 4243 illam
316 4201 412 4263 supra
442 4185 540 4244 neten
561 4179 782 4264 hyperboleon
806 4180 947 4245 additam
971 4162 1157 4264 et'ooruph,
1188 4201 1270 4264 quae
1294 4181 1353 4244 sub
1375 4201 1466 4263 pros-

196 4287 454 4352 lambanomeno.
500 4287 574 4371 Ipse
598 4287 727 4371 etenim,
759 4289 863 4370 oredo,
891 4288 926 4352 in
949 4287 1000 4352 die
1027 4286 1210 4352 haereticc2
1238 4269 1340 4352 artem
1363 4291 1465 4352 totam

198 4393 422 4478 composuerit,
453 4396 484 4457 et
514 4415 586 4458 cum
614 4395 654 4460 ad
683 4395 805 4479 coruph
836 4397 997 4479 pervenit,
1030 4395 1100 4480 ipse
1129 4418 1201 4460 cum
1231 4399 1301 4460 tota
1335 4396 1463 4460 corruit.

286 4639 293 4674 ¹
313 4633 478 4704 Euterpees.
687 4635 698 4672 2
718 4635 833 4690 eretioo.
