3734 5572
679 343 917 410 -109-

163 521 280 599 aequali
302 522 449 582 suavitate
472 521 596 598 spiritus
617 522 819 599 proferantur.
863 521 920 582 Sed
936 522 1007 599 quia
1021 522 1052 581 in
1070 505 1131 597 bfo
1148 506 1224 598 tori
1237 523 1297 584 duo
1320 527 1392 584 suut
1404 524 1429 602 b,
1501 551 1503 558 ·

162 645 256 686 unum
278 625 359 702 quod
381 624 573 685 semitonium
601 626 711 686 mobile
733 626 895 704 significat,
923 626 1037 686 scilicet
1058 602 1076 678 ἶ)
1098 626 1274 702 rotundum,
1303 629 1431 688 alterum

163 749 243 808 vero,
268 729 349 805 quod
371 729 509 789 stabilem
531 729 721 808 demonstrat,
745 730 859 791 scilicet
882 726 895 802 b
915 730 1064 806 quadrum
1084 730 1133 791 vel
1154 730 1318 792 secundum
1340 750 1431 806 quos·

162 834 230 892 dam
252 833 362 892 durum
383 836 601 912 nuncupatum,
623 833 690 893 ideo
713 834 904 894 semitonium
925 834 1028 894 durale
1050 833 1215 893 nominavit
1237 835 1274 893 ad
1293 833 1429 897 differen-

164 939 238 997 tiam
260 937 409 997 semitonii
430 937 558 1015 mobilis,
584 937 665 1014 quod
688 918 850 998 trotundo
874 938 1102 998 demonstratur.
1146 937 1316 998 Adhaereat
1336 939 1430 1016 igitur

162 1041 265 1119 lingua
290 1040 429 1100 faucibus
454 1042 529 1118 tuis,
561 1041 634 1100 dum
662 1040 735 1118 quid
761 1042 898 1101 venenati
926 1059 1012 1118 paras
1040 1060 1188 1119 evomere,
1218 1061 1255 1100 ne
1277 1032 1430 1102 tantorum

162 1147 283 1221 patrum
304 1145 466 1205 auctoritas
488 1148 542 1205 tuo
564 1145 659 1206 livore
681 1144 844 1222 polluatur.

248 1266 309 1324 cop.
327 1249 370 1306 28
386 1246 447 1324 (ίοί.
465 1249 503 1306 31
516 1245 564 1325 a).
609 1248 753 1309 Omittam
776 1252 929 1324 praeterea
942 1247 1096 1308 brevitatis
1111 1249 1216 1326 gratia,
1234 1267 1429 1325 quoscunque

163 1353 252 1412 etiam
274 1337 403 1412 nostris1
425 1353 609 1430 temporibus
631 1353 663 1412 in
684 1353 772 1412 Italia
795 1353 957 1412 claruerint
978 1352 1059 1412 viros
1081 1353 1111 1412 et
1133 1353 1240 1412 sensim
1263 1355 1427 1430 emergunt.

162 1456 203 1516 Hi
230 1460 300 1516 sunt
328 1475 474 1534 gemmae,
504 1456 536 1515 bi
565 1457 704 1532 uniones,
735 1455 846 1533 saphiri
873 1456 1047 1532 lapidesque
1073 1456 1216 1534 preciosi,
1246 1473 1322 1532 quos
1343 1457 1430 1516 Italia

161 1560 293 1636 pullulat
320 1563 350 1620 et
378 1560 527 1637 producit.
574 1559 664 1620 Sileat
696 1560 792 1637 igitur
821 1559 1016 1620 barbarorum
1049 1559 1146 1621 rabies
1187 1564 1217 1618 et
1252 1559 1429 1620 infrenatam

161 1664 281 1740 penitus
309 1664 507 1740 petulantiam
534 1664 687 1738 amittant3
719 1665 925 1741 speculentur,
953 1663 1088 1739 videant,
1120 1663 1265 1739 quioquid
1286 1683 1345 1724 uon
1367 1664 1430 1724 sine

161 1768 288 1827 maxima
309 1768 443 1827 omnium
464 1768 552 1827 laude
575 1769 688 1828 elevate
709 1768 812 1828 Italiae
834 1767 953 1845 ingenia
974 1766 1059 1827 uobis
1080 1767 1229 1842 profuere.

641 2101 644 2107 -
768 2059 818 2129 II.

246 2226 314 2290 Ans
337 2226 395 2290 der
416 2225 540 2290 Schrift
562 2225 617 2291 des
640 2224 852 2291 Johannes
875 2222 1059 2309 Hothby:
1087 2225 1248 2290 Excitatio
1272 2227 1429 2309 quaedam

161 2334 302 2399 Musicae
325 2332 403 2399 artis
426 2355 485 2417 per
506 2333 736 2398 refutationem
759 2332 921 2418 (Florenz,
951 2332 1036 2397 Bibl.
1066 2332 1141 2398 Nat.
1172 2332 1322 2399 Centrale
1351 2332 1427 2399 ooo.

160 2442 263 2508 Palat.
286 2441 371 2524 472).
486 2455 488 2460 '
677 2455 679 2458 ’
1031 2479 1035 2486 -
1077 2459 1079 2463 ’

246 2557 342 2617 Voces
364 2559 525 2634 praeterea,
549 2574 626 2632 quae
647 2555 758 2616 habent
779 2560 814 2613 ot
833 2573 865 2612 re
886 2555 940 2632 mi,
961 2554 1091 2614 alterius
1113 2554 1263 2615 semitonii
1284 2556 1430 2616 rationem

159 2660 193 2735 fo
207 2659 253 2719 aol
266 2660 296 2718 lo
313 2659 425 2719 'habere
448 2659 607 2736 aliquando
624 2661 669 2719 est
683 2677 810 2718 necesse.
856 2651 909 2719 Sic
927 2662 1030 2718 contra
1044 2677 1120 2734 quae
1134 2657 1168 2733 fo
1181 2658 1227 2717 sol
1241 2658 1270 2717 la
1285 2658 1428 2736 obtinent,

160 2764 282 2824 alterius
296 2763 411 2822 ratione
425 2768 460 2822 of
473 2781 504 2821 re
517 2762 563 2822 mi
583 2762 643 2822 sibi
662 2762 743 2822 tueri
757 2753 923 2839 possunt(!).
954 2761 1000 2820 Fa
1015 2761 1060 2820 aot
1073 2761 1102 2820 lo
1117 2762 1208 2821 etiam
1221 2783 1276 2839 pro
1291 2768 1326 2822 ut
1339 2781 1369 2822 re
1383 2763 1428 2822 mi

161 2867 293 2927 eiusdem
315 2866 464 2926 semitonii
486 2866 615 2944 proferri
629 2864 789 2941 aliquando
805 2865 986 2925 conceditur.
1034 2863 1132 2935 Quare
1150 2865 1209 2924 tria
1223 2865 1428 2926 tantummodo

161 2971 232 3030 satis
255 2988 317 3030 esse
339 2970 481 3044 valerent,
504 2969 640 3047 quamvis
662 2969 750 3029 modo
772 2968 809 3028 ab
824 2987 895 3046 uno,
917 2967 1006 3027 modo
1024 2967 1060 3044 ab
1076 2968 1134 3028 alio
1150 2969 1306 3029 semitonio
1322 2969 1431 3046 guber·

160 3075 311 3151 narentur,
334 3073 476 3132 ultimum
498 3091 614 3154 semper
635 3072 794 3149 sequendo,
819 3075 855 3131 ut
875 3072 938 3130 fere
955 3071 1028 3132 boni
1043 3075 1177 3131 cantores
1192 3091 1308 3132 servare
1324 3072 1427 3132 solent.

160 3177 236 3237 Nam
253 3175 395 3236 alrami
415 3196 483 3237 raro
506 3176 554 3236 vel
576 3195 741 3253 numquam
764 3176 937 3252 efferrmtur,
961 3175 1032 3252 quia
1047 3193 1097 3236 eos
1111 3179 1218 3236 natura
1238 3177 1302 3252 ipsa
1317 3176 1427 3236 deceat.

159 3283 260 3359 Atque
282 3282 326 3340 ita
347 3283 441 3340 artem
463 3280 629 3341 breviorem
650 3280 838 3340 constituunt
858 3275 903 3360 (ut
918 3275 1023 3358 decet),
1047 3298 1116 3339 oum
1134 3280 1265 3340 iuniores
1284 3279 1429 3340 brevitate

160 3386 317 3463 gaudeant.
343 3431 351 3443 .
375 3431 383 3444 .
408 3431 414 3443 .

244 3491 286 3548 At
307 3493 344 3548 tu
362 3483 540 3566 prudentius
555 3489 672 3566 egisses,
696 3488 754 3547 nisi
769 3487 942 3564 oppositum
956 3486 1084 3546 fecisses.
1123 3487 1182 3548 Pro
1198 3488 1294 3548 tribus
1309 3490 1357 3548 vel
1372 3508 1426 3566 pro

160 3612 210 3652 sex
231 3612 382 3653 summum
403 3595 471 3652 octo
488 3610 598 3669 ponere
621 3591 745 3670 conaris,
768 3590 949 3650 intendendo
964 3589 1106 3651 videlicet
1121 3591 1194 3668 psol
1215 3591 1238 3652 a
1260 3597 1307 3650 tur
1322 3610 1379 3668 per
1393 3611 1428 3651 oo

161 3715 206 3755 cea
220 3697 249 3756 ia
264 3703 318 3776 fos,
333 3696 513 3756 remittendo
529 3715 599 3756 vero
616 3701 661 3754 tos
675 3695 704 3754 ia
718 3714 763 3754 cea
777 3713 812 3754 vo
822 3713 878 3772 per
893 3700 941 3753 tar
955 3693 978 3752 lc'
986 3695 1065 3774 paul,
1089 3714 1219 3771 quornm
1232 3696 1429 3756 terminorum

160 3800 246 3859 fuisti
268 3804 381 3861 auctor.
416 3800 483 3860 Non
498 3800 580 3861 vides
594 3797 625 3858 in
640 3798 687 3858 his
701 3799 859 3858 maximam
872 3797 1136 3876 perturbationem,
1155 3818 1223 3859 cum
1239 3800 1429 3859 semitonium

160 3922 239 3962 nuno
254 3921 299 3962 eea
312 3922 347 3962 oo
363 3901 404 3983 (l),
426 3923 506 3964 nunc
522 3909 570 3962 tur
583 3902 620 3979 ia,
643 3921 722 3961 nunc
736 3903 764 3960 ia
780 3907 833 3979 tas,
858 3920 927 3961 oum
941 3902 972 3960 in
987 3920 1002 3959 c
1016 3902 1197 3979 principium
1213 3898 1425 3962 constitueris?

161 4006 241 4077 Quid
262 4010 362 4066 autem
383 4006 415 4066 in
436 4008 483 4068 his
505 4006 738 4084 pulchritudinis
759 4006 854 4065 inesse
876 4001 1001 4065 vidisti?
1046 4005 1162 4066 Rursus
1184 3987 1347 4066 trotnnda
1364 3993 1429 4080 ott

162 4109 317 4186 quadrata:
348 4128 436 4171 voces
459 4112 578 4171 omnino
602 4110 732 4171 diversas
762 4109 939 4186 simpliciter
967 4109 1023 4168 sub
1049 4129 1110 4169 uno
1137 4111 1256 4170 nomine
1283 4110 1428 4198 appellari

248 4276 371 4332 ¹Voran
393 4277 464 4346 geht
486 4277 551 4332 eine
576 4277 759 4346 Aufzahlung
782 4277 951 4332 berdhmter
972 4276 1105 4344 Manum,
1130 4277 1239 4331 welche
1257 4277 1363 4332 Italian
1387 4277 1427 4331 im

160 4362 306 4416 Altertum
324 4361 515 4417 aufzuweiscn
534 4364 597 4430 hat;
623 4365 665 4420 als
685 4363 766 4419 einer
784 4363 834 4417 der
852 4363 960 4419 letutcn
978 4362 1051 4417 wird
1070 4361 1177 4417 Silius
1197 4365 1334 4432 genannt.
1376 4363 1428 4418 Bei

160 4448 270 4506 diesem
282 4448 394 4503 Namen
411 4447 483 4502 halt
501 4449 647 4520 Spataro
665 4454 697 4505 in
711 4448 1015 4519 seinerEntgegnung
1026 4464 1091 4503 vom
1103 4447 1189 4502 Jahre
1203 4449 1270 4503 1491
1285 4449 1339 4504 ein.
1370 4450 1425 4506 Des

160 4533 247 4589 Silius
271 4533 494 4589 mutmasslicher
512 4534 683 4592 Geburtsort
704 4537 745 4591 ist
768 4535 896 4590 ndmlich
920 4535 966 4590 die
990 4533 1075 4590 suot
1097 4535 1213 4610 Italica,
1241 4535 1351 4590 welche
1373 4554 1428 4591 nur

160 4624 235 4679 etwa
255 4623 286 4676 >2
299 4620 489 4692 Tagereisen‹
509 4638 566 4677 von
582 4623 680 4692 Bacca,
700 4624 751 4692 der
769 4622 984 4679 Gcburtsstatte
1005 4622 1055 4677 des
1073 4621 1179 4692 Ramis,
1199 4622 1326 4678 autfernt
1343 4622 1426 4694 liegt.

236 4811 256 4844 Ι
