<?xml version="1.0" encoding="UTF-8"?>
<!DOCTYPE html PUBLIC "-//W3C//DTD XHTML 1.0 Transitional//EN"
    "http://www.w3.org/TR/xhtml1/DTD/xhtml1-transitional.dtd">
<html xmlns="http://www.w3.org/1999/xhtml" xml:lang="en" lang="en">
 <head>
  <title>
</title>
<meta http-equiv="Content-Type" content="text/html;charset=utf-8" />
  <meta name='ocr-system' content='tesseract 3.04.00' />
  <meta name='ocr-capabilities' content='ocr_page ocr_carea ocr_par ocr_line ocrx_word'/>
</head>
<body>
  <div class='ocr_page' id='page_1' title='image "./musicapracticab00wolfgoog_0025.png"; bbox 0 0 3742 5528; ppageno 0'>
   <div class='ocr_carea' id='block_1_1' title="bbox 945 344 1138 407">
    <p class='ocr_par' dir='ltr' id='par_1_1' title="bbox 945 344 1138 407">
     <span class='ocr_line' id='line_1_1' title="bbox 945 344 1138 407; baseline -0.01 -15"><span class='ocrx_word' id='word_1_1' title='bbox 945 344 1138 407; x_wconf 63' lang='lat'>„2-</span> 
     </span>
    </p>
   </div>
   <div class='ocr_carea' id='block_1_2' title="bbox 404 517 1676 1792">
    <p class='ocr_par' dir='ltr' id='par_1_2' title="bbox 404 517 1676 1251">
     <span class='ocr_line' id='line_1_2' title="bbox 407 517 1676 602; baseline 0.001 -20"><span class='ocrx_word' id='word_1_2' title='bbox 407 519 526 582; x_wconf 90' lang='lat' dir='ltr'>servire</span> <span class='ocrx_word' id='word_1_3' title='bbox 557 517 750 599; x_wconf 90' lang='lat' dir='ltr'>studuimus,</span> <span class='ocrx_word' id='word_1_4' title='bbox 781 539 852 581; x_wconf 88' lang='lat' dir='ltr'>eam</span> <span class='ocrx_word' id='word_1_5' title='bbox 881 517 1036 582; x_wconf 88' lang='lat' dir='ltr'>orationis</span> <span class='ocrx_word' id='word_1_6' title='bbox 1064 518 1255 600; x_wconf 74' lang='lat' dir='ltr'>temperiem</span> <span class='ocrx_word' id='word_1_7' title='bbox 1283 517 1413 602; x_wconf 90' lang='lat' dir='ltr'>stilique</span> <span class='ocrx_word' id='word_1_8' title='bbox 1440 518 1676 584; x_wconf 72' lang='lat' dir='ltr'>moderantiam</span> 
     </span>
     <span class='ocr_line' id='line_1_3' title="bbox 408 623 1676 710; baseline 0.002 -20"><span class='ocrx_word' id='word_1_9' title='bbox 408 626 615 710; x_wconf 83' lang='lat' dir='ltr'>servavimus,</span> <span class='ocrx_word' id='word_1_10' title='bbox 638 625 730 689; x_wconf 93' lang='lat' dir='ltr'>utin</span> <span class='ocrx_word' id='word_1_11' title='bbox 753 623 804 689; x_wconf 90' lang='lat' dir='ltr'>his</span> <span class='ocrx_word' id='word_1_12' title='bbox 826 624 973 710; x_wconf 86' lang='lat' dir='ltr'>legendis</span> <span class='ocrx_word' id='word_1_13' title='bbox 996 624 1166 709; x_wconf 70' lang='lat' dir='ltr'>peritiores</span> <span class='ocrx_word' id='word_1_14' title='bbox 1186 626 1314 691; x_wconf 83' lang='lat' dir='ltr'>abunde</span> <span class='ocrx_word' id='word_1_15' title='bbox 1333 627 1481 709; x_wconf 90' lang='lat' dir='ltr'>recreari,</span> <span class='ocrx_word' id='word_1_16' title='bbox 1506 627 1676 692; x_wconf 76' lang='lat' dir='ltr'>semidocti</span> 
     </span>
     <span class='ocr_line' id='line_1_4' title="bbox 405 731 1676 818; baseline 0.002 -21"><span class='ocrx_word' id='word_1_17' title='bbox 405 733 579 818; x_wconf 88' lang='lat' dir='ltr'>plurimum</span> <span class='ocrx_word' id='word_1_18' title='bbox 599 731 762 816; x_wconf 88' lang='lat' dir='ltr'>proficere,</span> <span class='ocrx_word' id='word_1_19' title='bbox 789 733 919 798; x_wconf 91' lang='lat' dir='ltr'>omuino</span> <span class='ocrx_word' id='word_1_20' title='bbox 935 732 1057 799; x_wconf 90' lang='lat' dir='ltr'>indocti</span> <span class='ocrx_word' id='word_1_21' title='bbox 1072 733 1282 798; x_wconf 87' lang='lat' dir='ltr'>blandissime</span> <span class='ocrx_word' id='word_1_22' title='bbox 1299 737 1419 818; x_wconf 86' lang='lat' dir='ltr'>queant</span> <span class='ocrx_word' id='word_1_23' title='bbox 1434 733 1562 806; x_wconf 86' lang='lat' dir='ltr'>erudiri.</span> <span class='ocrx_word' id='word_1_24' title='bbox 1600 734 1676 800; x_wconf 89' lang='lat' dir='ltr'>Non</span> 
     </span>
     <span class='ocr_line' id='line_1_5' title="bbox 405 839 1674 927; baseline 0 -21"><span class='ocrx_word' id='word_1_25' title='bbox 405 841 617 927; x_wconf 88' lang='lat' dir='ltr'>philosophos</span> <span class='ocrx_word' id='word_1_26' title='bbox 640 844 769 905; x_wconf 89' lang='lat' dir='ltr'>tantum</span> <span class='ocrx_word' id='word_1_27' title='bbox 797 845 852 906; x_wconf 90' lang='lat' dir='ltr'>aut</span> <span class='ocrx_word' id='word_1_28' title='bbox 873 839 1121 906; x_wconf 89' lang='lat' dir='ltr'>mathematicos</span> <span class='ocrx_word' id='word_1_29' title='bbox 1147 841 1364 907; x_wconf 89' lang='lat' dir='ltr'>instituendos</span> <span class='ocrx_word' id='word_1_30' title='bbox 1391 841 1443 907; x_wconf 93' lang='lat' dir='ltr'>hic</span> <span class='ocrx_word' id='word_1_31' title='bbox 1471 841 1674 926; x_wconf 89' lang='lat' dir='ltr'>suscipimus;</span> 
     </span>
     <span class='ocr_line' id='line_1_6' title="bbox 406 949 1675 1036; baseline 0.001 -22"><span class='ocrx_word' id='word_1_32' title='bbox 406 950 545 1034; x_wconf 87' lang='lat' dir='ltr'>quilibet</span> <span class='ocrx_word' id='word_1_33' title='bbox 563 951 659 1015; x_wconf 92' lang='lat' dir='ltr'>modo</span> <span class='ocrx_word' id='word_1_34' title='bbox 679 949 784 1036; x_wconf 91' lang='lat' dir='ltr'>prima</span> <span class='ocrx_word' id='word_1_35' title='bbox 798 949 1029 1034; x_wconf 90' lang='lat' dir='ltr'>grammaticae</span> <span class='ocrx_word' id='word_1_36' title='bbox 1045 949 1228 1015; x_wconf 89' lang='lat' dir='ltr'>rudimenta</span> <span class='ocrx_word' id='word_1_37' title='bbox 1243 950 1286 1015; x_wconf 91' lang='lat' dir='ltr'>sit</span> <span class='ocrx_word' id='word_1_38' title='bbox 1302 951 1442 1033; x_wconf 90' lang='lat' dir='ltr'>edoctus,</span> <span class='ocrx_word' id='word_1_39' title='bbox 1464 954 1575 1018; x_wconf 88' lang='lat' dir='ltr'>nostra</span> <span class='ocrx_word' id='word_1_40' title='bbox 1594 949 1675 1015; x_wconf 90' lang='lat' dir='ltr'>haec</span> 
     </span>
     <span class='ocr_line' id='line_1_7' title="bbox 404 1056 1674 1145; baseline 0.001 -24"><span class='ocrx_word' id='word_1_41' title='bbox 404 1058 577 1145; x_wconf 86' lang='lat' dir='ltr'>intelliget.</span> <span class='ocrx_word' id='word_1_42' title='bbox 623 1058 684 1123; x_wconf 90' lang='lat' dir='ltr'>Hic</span> <span class='ocrx_word' id='word_1_43' title='bbox 706 1079 777 1122; x_wconf 91' lang='lat' dir='ltr'>mus</span> <span class='ocrx_word' id='word_1_44' title='bbox 802 1061 835 1122; x_wconf 89' lang='lat' dir='ltr'>et</span> <span class='ocrx_word' id='word_1_45' title='bbox 857 1056 989 1140; x_wconf 90' lang='lat' dir='ltr'>elephas</span> <span class='ocrx_word' id='word_1_46' title='bbox 1011 1056 1134 1141; x_wconf 90' lang='lat' dir='ltr'>pariter</span> <span class='ocrx_word' id='word_1_47' title='bbox 1154 1061 1282 1137; x_wconf 89' lang='lat' dir='ltr'>natare,</span> <span class='ocrx_word' id='word_1_48' title='bbox 1310 1058 1473 1123; x_wconf 83' lang='lat' dir='ltr'>Daedalus</span> <span class='ocrx_word' id='word_1_49' title='bbox 1503 1062 1536 1123; x_wconf 90' lang='lat' dir='ltr'>et</span> <span class='ocrx_word' id='word_1_50' title='bbox 1564 1059 1674 1123; x_wconf 90' lang='lat' dir='ltr'>Icarus</span> 
     </span>
     <span class='ocr_line' id='line_1_8' title="bbox 405 1159 1146 1251; baseline 0.001 -22"><span class='ocrx_word' id='word_1_51' title='bbox 405 1166 527 1250; x_wconf 86' lang='lat' dir='ltr'>pariter</span> <span class='ocrx_word' id='word_1_52' title='bbox 549 1165 658 1230; x_wconf 90' lang='lat' dir='ltr'>volare</span> <span class='ocrx_word' id='word_1_53' title='bbox 680 1169 824 1251; x_wconf 88' lang='lat' dir='ltr'>possunt.</span> <span class='ocrx_word' id='word_1_54' title='bbox 1144 1159 1146 1164; x_wconf 70' lang='grc'><strong>’</strong></span> 
     </span>
    </p>

    <p class='ocr_par' dir='ltr' id='par_1_3' title="bbox 405 1272 1674 1792">
     <span class='ocr_line' id='line_1_9' title="bbox 491 1272 1673 1359; baseline 0.001 -22"><span class='ocrx_word' id='word_1_55' title='bbox 491 1274 665 1338; x_wconf 87' lang='lat' dir='ltr'>Praeterea</span> <span class='ocrx_word' id='word_1_56' title='bbox 686 1272 853 1358; x_wconf 89' lang='lat' dir='ltr'>prudentis</span> <span class='ocrx_word' id='word_1_57' title='bbox 878 1276 910 1341; x_wconf 90' lang='lat' dir='ltr'>et</span> <span class='ocrx_word' id='word_1_58' title='bbox 932 1273 1019 1359; x_wconf 89' lang='lat' dir='ltr'>grati</span> <span class='ocrx_word' id='word_1_59' title='bbox 1041 1272 1172 1338; x_wconf 84' lang='lat' dir='ltr'>lectoris</span> <span class='ocrx_word' id='word_1_60' title='bbox 1189 1273 1329 1339; x_wconf 88' lang='lat' dir='ltr'>officium</span> <span class='ocrx_word' id='word_1_61' title='bbox 1354 1275 1415 1339; x_wconf 90' lang='lat' dir='ltr'>erit</span> <span class='ocrx_word' id='word_1_62' title='bbox 1436 1274 1563 1340; x_wconf 88' lang='lat' dir='ltr'>veniam</span> <span class='ocrx_word' id='word_1_63' title='bbox 1586 1275 1673 1359; x_wconf 89' lang='lat' dir='ltr'>dare,</span> 
     </span>
     <span class='ocr_line' id='line_1_10' title="bbox 406 1380 1674 1466; baseline 0.001 -22"><span class='ocrx_word' id='word_1_64' title='bbox 406 1381 434 1444; x_wconf 89' lang='lat' dir='ltr'>si</span> <span class='ocrx_word' id='word_1_65' title='bbox 456 1386 567 1446; x_wconf 90' lang='lat' dir='ltr'>nostro</span> <span class='ocrx_word' id='word_1_66' title='bbox 590 1380 708 1446; x_wconf 90' lang='lat' dir='ltr'>hocin</span> <span class='ocrx_word' id='word_1_67' title='bbox 728 1403 825 1464; x_wconf 90' lang='lat' dir='ltr'>opere</span> <span class='ocrx_word' id='word_1_68' title='bbox 855 1402 920 1444; x_wconf 93' lang='lat' dir='ltr'>non</span> <span class='ocrx_word' id='word_1_69' title='bbox 943 1403 1025 1465; x_wconf 91' lang='lat' dir='ltr'>eum,</span> <span class='ocrx_word' id='word_1_70' title='bbox 1050 1381 1105 1466; x_wconf 89' lang='lat' dir='ltr'>qui</span> <span class='ocrx_word' id='word_1_71' title='bbox 1127 1381 1212 1465; x_wconf 89' lang='lat' dir='ltr'>apud</span> <span class='ocrx_word' id='word_1_72' title='bbox 1228 1381 1418 1446; x_wconf 77' lang='lat' dir='ltr'>Ciceronem</span> <span class='ocrx_word' id='word_1_73' title='bbox 1441 1386 1473 1447; x_wconf 91' lang='lat' dir='ltr'>et</span> <span class='ocrx_word' id='word_1_74' title='bbox 1496 1381 1674 1446; x_wconf 86' lang='lat' dir='ltr'>Salustium</span> 
     </span>
     <span class='ocr_line' id='line_1_11' title="bbox 406 1487 1673 1573; baseline 0.002 -20"><span class='ocrx_word' id='word_1_75' title='bbox 406 1493 468 1572; x_wconf 93' lang='lat' dir='ltr'>est,</span> <span class='ocrx_word' id='word_1_76' title='bbox 504 1489 659 1554; x_wconf 89' lang='lat' dir='ltr'>orationis</span> <span class='ocrx_word' id='word_1_77' title='bbox 691 1488 812 1554; x_wconf 89' lang='lat' dir='ltr'>fastum</span> <span class='ocrx_word' id='word_1_78' title='bbox 846 1487 1002 1571; x_wconf 90' lang='lat' dir='ltr'>inveniet,</span> <span class='ocrx_word' id='word_1_79' title='bbox 1042 1488 1070 1553; x_wconf 90' lang='lat' dir='ltr'>si</span> <span class='ocrx_word' id='word_1_80' title='bbox 1099 1489 1305 1572; x_wconf 87' lang='lat' dir='ltr'>paucioribus</span> <span class='ocrx_word' id='word_1_81' title='bbox 1331 1487 1473 1573; x_wconf 88' lang='lat' dir='ltr'>phaleris</span> <span class='ocrx_word' id='word_1_82' title='bbox 1497 1489 1631 1569; x_wconf 82' lang='lat' dir='ltr'>mi-(pag.</span> <span class='ocrx_word' id='word_1_83' title='bbox 1645 1501 1673 1564; x_wconf 80' lang='lat'>2)</span> 
     </span>
     <span class='ocr_line' id='line_1_12' title="bbox 405 1596 1674 1682; baseline -0.001 -20"><span class='ocrx_word' id='word_1_84' title='bbox 405 1596 539 1682; x_wconf 86' lang='lat' dir='ltr'>narique</span> <span class='ocrx_word' id='word_1_85' title='bbox 563 1596 652 1662; x_wconf 91' lang='lat' dir='ltr'>cultu</span> <span class='ocrx_word' id='word_1_86' title='bbox 681 1617 786 1661; x_wconf 89' lang='lat' dir='ltr'>sermo</span> <span class='ocrx_word' id='word_1_87' title='bbox 809 1600 920 1662; x_wconf 91' lang='lat' dir='ltr'>noster</span> <span class='ocrx_word' id='word_1_88' title='bbox 941 1596 1071 1661; x_wconf 88' lang='lat' dir='ltr'>incedit.</span> <span class='ocrx_word' id='word_1_89' title='bbox 1109 1597 1240 1662; x_wconf 88' lang='lat' dir='ltr'>Liceat¹</span> <span class='ocrx_word' id='word_1_90' title='bbox 1270 1598 1354 1663; x_wconf 91' lang='lat' dir='ltr'>enim</span> <span class='ocrx_word' id='word_1_91' title='bbox 1377 1596 1457 1662; x_wconf 91' lang='lat' dir='ltr'>mihi</span> <span class='ocrx_word' id='word_1_92' title='bbox 1485 1598 1524 1662; x_wconf 91' lang='lat' dir='ltr'>de</span> <span class='ocrx_word' id='word_1_93' title='bbox 1551 1596 1674 1662; x_wconf 89' lang='lat' dir='ltr'>musica</span> 
     </span>
     <span class='ocr_line' id='line_1_13' title="bbox 407 1703 1570 1792; baseline 0 -23"><span class='ocrx_word' id='word_1_94' title='bbox 407 1705 521 1787; x_wconf 88' lang='lat' dir='ltr'>dicere,</span> <span class='ocrx_word' id='word_1_95' title='bbox 547 1706 633 1790; x_wconf 92' lang='lat' dir='ltr'>quod</span> <span class='ocrx_word' id='word_1_96' title='bbox 648 1705 790 1770; x_wconf 88' lang='lat' dir='ltr'>Marcum</span> <span class='ocrx_word' id='word_1_97' title='bbox 813 1703 969 1768; x_wconf 90' lang='lat' dir='ltr'>Manlium</span> <span class='ocrx_word' id='word_1_98' title='bbox 993 1704 1031 1768; x_wconf 93' lang='lat' dir='ltr'>de</span> <span class='ocrx_word' id='word_1_99' title='bbox 1056 1705 1253 1770; x_wconf 89' lang='lat' dir='ltr'>astronomia</span> <span class='ocrx_word' id='word_1_100' title='bbox 1276 1705 1394 1770; x_wconf 86' lang='lat' dir='ltr'>dixisse</span> <span class='ocrx_word' id='word_1_101' title='bbox 1417 1705 1570 1792; x_wconf 87' lang='lat' dir='ltr'>legimus:</span> 
     </span>
    </p>
   </div>
   <div class='ocr_carea' id='block_1_3' title="bbox 681 1843 1399 1928">
    <p class='ocr_par' dir='ltr' id='par_1_4' title="bbox 681 1843 1399 1928">
     <span class='ocr_line' id='line_1_14' title="bbox 681 1843 1399 1928; baseline 0.003 -22"><span class='ocrx_word' id='word_1_102' title='bbox 681 1843 804 1907; x_wconf 80' lang='lat' dir='ltr'>Ornnrc‘</span> <span class='ocrx_word' id='word_1_103' title='bbox 824 1864 874 1907; x_wconf 81' lang='lat' dir='ltr'>res</span> <span class='ocrx_word' id='word_1_104' title='bbox 895 1844 968 1928; x_wconf 73' lang='lat' dir='ltr'>apsa</span> <span class='ocrx_word' id='word_1_105' title='bbox 989 1849 1095 1927; x_wconf 61' lang='lat' dir='ltr'>aqut,</span> <span class='ocrx_word' id='word_1_106' title='bbox 1120 1848 1267 1908; x_wconf 60' lang='lat' dir='ltr'>connata</span> <span class='ocrx_word' id='word_1_107' title='bbox 1288 1845 1399 1908; x_wconf 63' lang='lat' dir='ltr'>dcem</span> 
     </span>
    </p>
   </div>
   <div class='ocr_carea' id='block_1_4' title="bbox 394 1969 1675 3130">
    <p class='ocr_par' dir='ltr' id='par_1_5' title="bbox 394 1969 1675 2705">
     <span class='ocr_line' id='line_1_15' title="bbox 491 1969 1671 2059; baseline 0.002 -25"><span class='ocrx_word' id='word_1_108' title='bbox 491 1970 610 2036; x_wconf 91' lang='lat' dir='ltr'>Verum</span> <span class='ocrx_word' id='word_1_109' title='bbox 634 1972 675 2036; x_wconf 89' lang='lat' dir='ltr'>ad</span> <span class='ocrx_word' id='word_1_110' title='bbox 693 1969 777 2036; x_wconf 91' lang='lat' dir='ltr'>hanc</span> <span class='ocrx_word' id='word_1_111' title='bbox 794 1972 958 2058; x_wconf 86' lang='lat' dir='ltr'>egregiam</span> <span class='ocrx_word' id='word_1_112' title='bbox 974 1971 1199 2056; x_wconf 88' lang='lat' dir='ltr'>philosophiae</span> <span class='ocrx_word' id='word_1_113' title='bbox 1215 1976 1350 2059; x_wconf 88' lang='lat' dir='ltr'>partem,</span> <span class='ocrx_word' id='word_1_114' title='bbox 1367 1973 1522 2038; x_wconf 90' lang='lat' dir='ltr'>musicam</span> <span class='ocrx_word' id='word_1_115' title='bbox 1539 1972 1671 2054; x_wconf 87' lang='lat' dir='ltr'>scilicet,</span> 
     </span>
     <span class='ocr_line' id='line_1_16' title="bbox 406 2079 1675 2167; baseline 0.001 -24"><span class='ocrx_word' id='word_1_116' title='bbox 406 2079 433 2143; x_wconf 90' lang='lat' dir='ltr'>si</span> <span class='ocrx_word' id='word_1_117' title='bbox 460 2080 531 2164; x_wconf 93' lang='lat' dir='ltr'>quis</span> <span class='ocrx_word' id='word_1_118' title='bbox 559 2079 627 2144; x_wconf 89' lang='lat' dir='ltr'>eius</span> <span class='ocrx_word' id='word_1_119' title='bbox 650 2079 728 2159; x_wconf 86' lang='lat' dir='ltr'>vim,</span> <span class='ocrx_word' id='word_1_120' title='bbox 760 2083 922 2163; x_wconf 89' lang='lat' dir='ltr'>naturam,</span> <span class='ocrx_word' id='word_1_121' title='bbox 952 2079 1225 2164; x_wconf 89' lang='lat' dir='ltr'>pulchritudinem</span> <span class='ocrx_word' id='word_1_122' title='bbox 1254 2081 1570 2167; x_wconf 89' lang='lat' dir='ltr'>generositatemque</span> <span class='ocrx_word' id='word_1_123' title='bbox 1598 2100 1675 2144; x_wconf 90' lang='lat' dir='ltr'>con-</span> 
     </span>
     <span class='ocr_line' id='line_1_17' title="bbox 405 2187 1675 2273; baseline 0 -21"><span class='ocrx_word' id='word_1_124' title='bbox 405 2188 532 2271; x_wconf 88' lang='lat' dir='ltr'>sideret,</span> <span class='ocrx_word' id='word_1_125' title='bbox 557 2210 623 2252; x_wconf 91' lang='lat' dir='ltr'>non</span> <span class='ocrx_word' id='word_1_126' title='bbox 647 2187 924 2254; x_wconf 85' lang='lat' dir='ltr'>exhortationibus</span> <span class='ocrx_word' id='word_1_127' title='bbox 947 2188 1028 2253; x_wconf 88' lang='lat' dir='ltr'>meis</span> <span class='ocrx_word' id='word_1_128' title='bbox 1052 2193 1207 2254; x_wconf 90' lang='lat' dir='ltr'>attractus</span> <span class='ocrx_word' id='word_1_129' title='bbox 1231 2190 1288 2255; x_wconf 90' lang='lat' dir='ltr'>sed</span> <span class='ocrx_word' id='word_1_130' title='bbox 1310 2189 1395 2254; x_wconf 85' lang='lat' dir='ltr'>ultro</span> <span class='ocrx_word' id='word_1_131' title='bbox 1420 2193 1452 2254; x_wconf 94' lang='lat' dir='ltr'>et</span> <span class='ocrx_word' id='word_1_132' title='bbox 1467 2192 1581 2273; x_wconf 91' lang='lat' dir='ltr'>sponte</span> <span class='ocrx_word' id='word_1_133' title='bbox 1598 2210 1675 2253; x_wconf 93' lang='lat' dir='ltr'>con·</span> 
     </span>
     <span class='ocr_line' id='line_1_18' title="bbox 405 2295 1673 2382; baseline 0.001 -23"><span class='ocrx_word' id='word_1_134' title='bbox 405 2295 528 2361; x_wconf 86' lang='lat' dir='ltr'>volabit</span> <span class='ocrx_word' id='word_1_135' title='bbox 557 2300 771 2380; x_wconf 89' lang='lat' dir='ltr'>sequeturque</span> <span class='ocrx_word' id='word_1_136' title='bbox 803 2295 924 2382; x_wconf 91' lang='lat' dir='ltr'>Orphei</span> <span class='ocrx_word' id='word_1_137' title='bbox 953 2296 1097 2379; x_wconf 85' lang='lat' dir='ltr'>Thracii,</span> <span class='ocrx_word' id='word_1_138' title='bbox 1128 2297 1320 2382; x_wconf 86' lang='lat' dir='ltr'>Amphionis</span> <span class='ocrx_word' id='word_1_139' title='bbox 1350 2296 1510 2380; x_wconf 86' lang='lat' dir='ltr'>Thebani,</span> <span class='ocrx_word' id='word_1_140' title='bbox 1543 2295 1673 2360; x_wconf 86' lang='lat' dir='ltr'>Arionis</span> 
     </span>
     <span class='ocr_line' id='line_1_19' title="bbox 394 2402 1672 2491; baseline 0 -25"><span class='ocrx_word' id='word_1_141' title='bbox 394 2403 512 2488; x_wconf 67' lang='lat' dir='ltr'>,Lesbi</span> <span class='ocrx_word' id='word_1_142' title='bbox 535 2402 695 2486; x_wconf 86' lang='lat' dir='ltr'>Mercurii,</span> <span class='ocrx_word' id='word_1_143' title='bbox 719 2403 802 2487; x_wconf 93' lang='lat' dir='ltr'>Lini,</span> <span class='ocrx_word' id='word_1_144' title='bbox 827 2403 1019 2488; x_wconf 87' lang='lat' dir='ltr'>Salomonis,</span> <span class='ocrx_word' id='word_1_145' title='bbox 1040 2405 1255 2491; x_wconf 83' lang='lat' dir='ltr'>Pythagorae,</span> <span class='ocrx_word' id='word_1_146' title='bbox 1272 2405 1467 2488; x_wconf 83' lang='lat' dir='ltr'>Aristoxeni,</span> <span class='ocrx_word' id='word_1_147' title='bbox 1483 2404 1672 2487; x_wconf 89' lang='lat' dir='ltr'>Ptolemaei,</span> 
     </span>
     <span class='ocr_line' id='line_1_20' title="bbox 406 2510 1674 2598; baseline -0.001 -23"><span class='ocrx_word' id='word_1_148' title='bbox 406 2510 559 2595; x_wconf 78' lang='lat' dir='ltr'>Chorebi,</span> <span class='ocrx_word' id='word_1_149' title='bbox 594 2511 766 2595; x_wconf 87' lang='lat' dir='ltr'>Lycaonis,</span> <span class='ocrx_word' id='word_1_150' title='bbox 801 2511 1005 2597; x_wconf 89' lang='lat' dir='ltr'>Prophrasti,</span> <span class='ocrx_word' id='word_1_151' title='bbox 1039 2512 1204 2578; x_wconf 73' lang='lat' dir='ltr'>Timothei</span> <span class='ocrx_word' id='word_1_152' title='bbox 1235 2518 1479 2598; x_wconf 88' lang='lat' dir='ltr'>ceterorumque</span> <span class='ocrx_word' id='word_1_153' title='bbox 1511 2513 1674 2577; x_wconf 89' lang='lat' dir='ltr'>adoranda</span> 
     </span>
     <span class='ocr_line' id='line_1_21' title="bbox 404 2618 1591 2705; baseline 0.003 -23"><span class='ocrx_word' id='word_1_154' title='bbox 404 2618 552 2705; x_wconf 89' lang='lat' dir='ltr'>vestigia,</span> <span class='ocrx_word' id='word_1_155' title='bbox 578 2619 632 2703; x_wconf 93' lang='lat' dir='ltr'>qui</span> <span class='ocrx_word' id='word_1_156' title='bbox 654 2619 715 2685; x_wconf 89' lang='lat' dir='ltr'>hac</span> <span class='ocrx_word' id='word_1_157' title='bbox 739 2619 908 2704; x_wconf 90' lang='lat' dir='ltr'>disciplina</span> <span class='ocrx_word' id='word_1_158' title='bbox 930 2620 1006 2686; x_wconf 82' lang='lat' dir='ltr'>freti</span> <span class='ocrx_word' id='word_1_159' title='bbox 1027 2620 1211 2686; x_wconf 88' lang='lat' dir='ltr'>immortale</span> <span class='ocrx_word' id='word_1_160' title='bbox 1233 2643 1353 2686; x_wconf 89' lang='lat' dir='ltr'>nomen</span> <span class='ocrx_word' id='word_1_161' title='bbox 1377 2620 1486 2704; x_wconf 89' lang='lat' dir='ltr'>adepti</span> <span class='ocrx_word' id='word_1_162' title='bbox 1509 2624 1591 2685; x_wconf 88' lang='lat' dir='ltr'>sunt.</span> 
     </span>
    </p>

    <p class='ocr_par' dir='ltr' id='par_1_6' title="bbox 404 2726 1674 3130">
     <span class='ocr_line' id='line_1_22' title="bbox 431 2726 1674 2814; baseline 0.002 -25"><span class='ocrx_word' id='word_1_163' title='bbox 431 2735 434 2740; x_wconf 73' lang='grc'>“</span> <span class='ocrx_word' id='word_1_164' title='bbox 491 2727 534 2790; x_wconf 89' lang='lat' dir='ltr'>Hi</span> <span class='ocrx_word' id='word_1_165' title='bbox 556 2726 661 2810; x_wconf 88' lang='lat' dir='ltr'>fuere,</span> <span class='ocrx_word' id='word_1_166' title='bbox 691 2749 770 2812; x_wconf 91' lang='lat' dir='ltr'>qnos</span> <span class='ocrx_word' id='word_1_167' title='bbox 798 2728 991 2794; x_wconf 89' lang='lat' dir='ltr'>venerabilis</span> <span class='ocrx_word' id='word_1_168' title='bbox 1020 2729 1194 2814; x_wconf 88' lang='lat' dir='ltr'>antiquitas</span> <span class='ocrx_word' id='word_1_169' title='bbox 1224 2730 1304 2794; x_wconf 90' lang='lat' dir='ltr'>adeo</span> <span class='ocrx_word' id='word_1_170' title='bbox 1327 2729 1444 2793; x_wconf 89' lang='lat' dir='ltr'>mirata</span> <span class='ocrx_word' id='word_1_171' title='bbox 1467 2731 1529 2811; x_wconf 88' lang='lat' dir='ltr'>est,</span> <span class='ocrx_word' id='word_1_172' title='bbox 1558 2731 1594 2791; x_wconf 93' lang='lat' dir='ltr'>ut</span> <span class='ocrx_word' id='word_1_173' title='bbox 1619 2748 1674 2792; x_wconf 85' lang='lat' dir='ltr'>eos</span> 
     </span>
     <span class='ocr_line' id='line_1_23' title="bbox 405 2835 1671 2920; baseline 0.001 -22"><span class='ocrx_word' id='word_1_174' title='bbox 405 2835 521 2899; x_wconf 86' lang='lat' dir='ltr'>dixerit</span> <span class='ocrx_word' id='word_1_175' title='bbox 543 2836 694 2900; x_wconf 87' lang='lat' dir='ltr'>carminis</span> <span class='ocrx_word' id='word_1_176' title='bbox 718 2836 886 2901; x_wconf 89' lang='lat' dir='ltr'>dulcedine</span> <span class='ocrx_word' id='word_1_177' title='bbox 910 2838 1049 2902; x_wconf 89' lang='lat' dir='ltr'>movisse</span> <span class='ocrx_word' id='word_1_178' title='bbox 1064 2837 1159 2920; x_wconf 90' lang='lat' dir='ltr'>feras,</span> <span class='ocrx_word' id='word_1_179' title='bbox 1185 2838 1282 2902; x_wconf 90' lang='lat' dir='ltr'>corda</span> <span class='ocrx_word' id='word_1_180' title='bbox 1296 2836 1463 2901; x_wconf 92' lang='lat' dir='ltr'>hominum</span> <span class='ocrx_word' id='word_1_181' title='bbox 1478 2835 1671 2919; x_wconf 86' lang='lat' dir='ltr'>possedisse,</span> 
     </span>
     <span class='ocr_line' id='line_1_24' title="bbox 404 2943 1671 3028; baseline 0 -22"><span class='ocrx_word' id='word_1_182' title='bbox 404 2943 527 3007; x_wconf 89' lang='lat' dir='ltr'>animas</span> <span class='ocrx_word' id='word_1_183' title='bbox 554 2943 589 3006; x_wconf 96' lang='lat' dir='ltr'>in</span> <span class='ocrx_word' id='word_1_184' title='bbox 623 2965 758 3028; x_wconf 88' lang='lat' dir='ltr'>corpora</span> <span class='ocrx_word' id='word_1_185' title='bbox 790 2966 972 3028; x_wconf 88' lang='lat' dir='ltr'>revocasse,</span> <span class='ocrx_word' id='word_1_186' title='bbox 1007 2962 1119 3010; x_wconf 91' lang='lat' dir='ltr'>manes</span> <span class='ocrx_word' id='word_1_187' title='bbox 1147 2947 1187 3010; x_wconf 90' lang='lat' dir='ltr'>ad</span> <span class='ocrx_word' id='word_1_188' title='bbox 1220 2945 1475 3010; x_wconf 89' lang='lat' dir='ltr'>misericordiam</span> <span class='ocrx_word' id='word_1_189' title='bbox 1508 2944 1671 3008; x_wconf 88' lang='lat' dir='ltr'>inflexisse</span> 
     </span>
     <span class='ocr_line' id='line_1_25' title="bbox 406 3049 1673 3130; baseline -0.002 -16"><span class='ocrx_word' id='word_1_190' title='bbox 406 3054 439 3114; x_wconf 91' lang='lat' dir='ltr'>et</span> <span class='ocrx_word' id='word_1_191' title='bbox 468 3051 562 3116; x_wconf 90' lang='lat' dir='ltr'>duras</span> <span class='ocrx_word' id='word_1_192' title='bbox 591 3051 728 3117; x_wconf 78' lang='lat' dir='ltr'>traxisse</span> <span class='ocrx_word' id='word_1_193' title='bbox 758 3075 774 3116; x_wconf 92' lang='lat' dir='ltr'>e</span> <span class='ocrx_word' id='word_1_194' title='bbox 803 3054 968 3118; x_wconf 89' lang='lat' dir='ltr'>montibus</span> <span class='ocrx_word' id='word_1_195' title='bbox 996 3074 1101 3118; x_wconf 88' lang='lat' dir='ltr'>ornos.</span> <span class='ocrx_word' id='word_1_196' title='bbox 1156 3051 1329 3130; x_wconf 83' lang='lat' dir='ltr'>Quaelibet</span> <span class='ocrx_word' id='word_1_197' title='bbox 1350 3051 1499 3116; x_wconf 88' lang='lat' dir='ltr'>fabulosa</span> <span class='ocrx_word' id='word_1_198' title='bbox 1523 3054 1555 3114; x_wconf 90' lang='lat' dir='ltr'>et</span> <span class='ocrx_word' id='word_1_199' title='bbox 1576 3049 1673 3114; x_wconf 86' lang='lat' dir='ltr'>fidem</span> 
     </span>
    </p>
   </div>
   <div class='ocr_carea' id='block_1_5' title="bbox 408 3159 1795 3245">
    <p class='ocr_par' dir='ltr' id='par_1_7' title="bbox 408 3159 1795 3245">
     <span class='ocr_line' id='line_1_26' title="bbox 408 3159 1795 3245; baseline -0.002 -22"><span class='ocrx_word' id='word_1_200' title='bbox 408 3159 595 3224; x_wconf 88' lang='lat' dir='ltr'>excedentia</span> <span class='ocrx_word' id='word_1_201' title='bbox 629 3159 811 3242; x_wconf 90' lang='lat' dir='ltr'>videantur,</span> <span class='ocrx_word' id='word_1_202' title='bbox 848 3159 1044 3226; x_wconf 89' lang='lat' dir='ltr'>mirabilium</span> <span class='ocrx_word' id='word_1_203' title='bbox 1075 3164 1184 3225; x_wconf 90' lang='lat' dir='ltr'>tamen</span> <span class='ocrx_word' id='word_1_204' title='bbox 1215 3183 1348 3245; x_wconf 89' lang='lat' dir='ltr'>operum</span> <span class='ocrx_word' id='word_1_205' title='bbox 1379 3159 1571 3224; x_wconf 89' lang='lat' dir='ltr'>effectricem</span> <span class='ocrx_word' id='word_1_206' title='bbox 1602 3178 1672 3221; x_wconf 90' lang='lat' dir='ltr'>csse</span> <span class='ocrx_word' id='word_1_207' title='bbox 1793 3199 1795 3204; x_wconf 92' lang='lat'>-</span> 
     </span>
    </p>
   </div>
   <div class='ocr_carea' id='block_1_6' title="bbox 403 3267 1724 4323">
    <p class='ocr_par' dir='ltr' id='par_1_8' title="bbox 403 3267 1724 4323">
     <span class='ocr_line' id='line_1_27' title="bbox 403 3267 1672 3352; baseline -0.002 -22"><span class='ocrx_word' id='word_1_208' title='bbox 403 3267 560 3332; x_wconf 89' lang='lat' dir='ltr'>musicam</span> <span class='ocrx_word' id='word_1_209' title='bbox 583 3289 648 3333; x_wconf 94' lang='lat' dir='ltr'>non</span> <span class='ocrx_word' id='word_1_210' title='bbox 671 3267 803 3333; x_wconf 90' lang='lat' dir='ltr'>dubium</span> <span class='ocrx_word' id='word_1_211' title='bbox 827 3274 884 3333; x_wconf 87' lang='lat' dir='ltr'>est.</span> <span class='ocrx_word' id='word_1_212' title='bbox 932 3268 1067 3334; x_wconf 76' lang='lat' dir='ltr'>Constat</span> <span class='ocrx_word' id='word_1_213' title='bbox 1084 3267 1215 3333; x_wconf 85' lang='lat' dir='ltr'>Saulem</span> <span class='ocrx_word' id='word_1_214' title='bbox 1231 3268 1435 3352; x_wconf 85' lang='lat' dir='ltr'>Solymcrum</span> <span class='ocrx_word' id='word_1_215' title='bbox 1454 3286 1574 3350; x_wconf 90' lang='lat' dir='ltr'>regem,</span> <span class='ocrx_word' id='word_1_216' title='bbox 1599 3287 1672 3329; x_wconf 90' lang='lat' dir='ltr'>cum</span> 
     </span>
     <span class='ocr_line' id='line_1_28' title="bbox 405 3363 1673 3460; baseline -0.003 -21"><span class='ocrx_word' id='word_1_217' title='bbox 405 3398 423 3439; x_wconf 91' lang='lat' dir='ltr'>a</span> <span class='ocrx_word' id='word_1_218' title='bbox 445 3376 531 3441; x_wconf 90' lang='lat' dir='ltr'>malo</span> <span class='ocrx_word' id='word_1_219' title='bbox 555 3376 725 3441; x_wconf 88' lang='lat' dir='ltr'>daemonio</span> <span class='ocrx_word' id='word_1_220' title='bbox 747 3381 932 3460; x_wconf 89' lang='lat' dir='ltr'>vexaretur,</span> <span class='ocrx_word' id='word_1_221' title='bbox 964 3377 1110 3442; x_wconf 89' lang='lat' dir='ltr'>adhibita</span> <span class='ocrx_word' id='word_1_222' title='bbox 1132 3363 1274 3442; x_wconf 84' lang='lat' dir='ltr'>citharae</span> <span class='ocrx_word' id='word_1_223' title='bbox 1298 3375 1516 3441; x_wconf 89' lang='lat' dir='ltr'>modulatione</span> <span class='ocrx_word' id='word_1_224' title='bbox 1540 3372 1673 3437; x_wconf 89' lang='lat' dir='ltr'>solitum</span> 
     </span>
     <span class='ocr_line' id='line_1_29' title="bbox 405 3480 1672 3570; baseline -0.002 -22"><span class='ocrx_word' id='word_1_225' title='bbox 405 3485 519 3567; x_wconf 89' lang='lat' dir='ltr'>curari,</span> <span class='ocrx_word' id='word_1_226' title='bbox 543 3483 649 3548; x_wconf 90' lang='lat' dir='ltr'>David</span> <span class='ocrx_word' id='word_1_227' title='bbox 665 3486 705 3548; x_wconf 91' lang='lat' dir='ltr'>ad</span> <span class='ocrx_word' id='word_1_228' title='bbox 720 3485 961 3549; x_wconf 86' lang='lat' dir='ltr'>vaticinandum</span> <span class='ocrx_word' id='word_1_229' title='bbox 975 3485 1122 3569; x_wconf 88' lang='lat' dir='ltr'>psalterii</span> <span class='ocrx_word' id='word_1_230' title='bbox 1137 3489 1234 3549; x_wconf 91' lang='lat' dir='ltr'>cantu</span> <span class='ocrx_word' id='word_1_231' title='bbox 1257 3485 1348 3570; x_wconf 91' lang='lat' dir='ltr'>quasi</span> <span class='ocrx_word' id='word_1_232' title='bbox 1370 3483 1507 3567; x_wconf 91' lang='lat' dir='ltr'>quodam</span> <span class='ocrx_word' id='word_1_233' title='bbox 1523 3480 1672 3546; x_wconf 90' lang='lat' dir='ltr'>vehiculo</span> 
     </span>
     <span class='ocr_line' id='line_1_30' title="bbox 404 3589 1674 3678; baseline -0.002 -23"><span class='ocrx_word' id='word_1_234' title='bbox 404 3596 547 3656; x_wconf 90' lang='lat' dir='ltr'>mentem</span> <span class='ocrx_word' id='word_1_235' title='bbox 571 3592 716 3657; x_wconf 89' lang='lat' dir='ltr'>elevante</span> <span class='ocrx_word' id='word_1_236' title='bbox 740 3615 833 3657; x_wconf 91' lang='lat' dir='ltr'>usum</span> <span class='ocrx_word' id='word_1_237' title='bbox 855 3592 969 3675; x_wconf 90' lang='lat' dir='ltr'>fuisse,</span> <span class='ocrx_word' id='word_1_238' title='bbox 998 3592 1154 3675; x_wconf 83' lang='lat' dir='ltr'>Eliseum,</span> <span class='ocrx_word' id='word_1_239' title='bbox 1184 3592 1294 3678; x_wconf 89' lang='lat' dir='ltr'>magni</span> <span class='ocrx_word' id='word_1_240' title='bbox 1316 3591 1407 3655; x_wconf 82' lang='lat' dir='ltr'>Eliae</span> <span class='ocrx_word' id='word_1_241' title='bbox 1435 3589 1674 3654; x_wconf 89' lang='lat' dir='ltr'>carmelitarum</span> 
     </span>
     <span class='ocr_line' id='line_1_31' title="bbox 404 3696 1672 3785; baseline -0.002 -23"><span class='ocrx_word' id='word_1_242' title='bbox 404 3699 506 3783; x_wconf 87' lang='lat' dir='ltr'>patris</span> <span class='ocrx_word' id='word_1_243' title='bbox 531 3700 735 3783; x_wconf 89' lang='lat' dir='ltr'>discipulum,</span> <span class='ocrx_word' id='word_1_244' title='bbox 761 3723 833 3765; x_wconf 90' lang='lat' dir='ltr'>cum</span> <span class='ocrx_word' id='word_1_245' title='bbox 855 3699 1049 3784; x_wconf 89' lang='lat' dir='ltr'>prophetare</span> <span class='ocrx_word' id='word_1_246' title='bbox 1072 3701 1185 3784; x_wconf 86' lang='lat' dir='ltr'>vellet,</span> <span class='ocrx_word' id='word_1_247' title='bbox 1213 3700 1340 3785; x_wconf 90' lang='lat' dir='ltr'>psalten</span> <span class='ocrx_word' id='word_1_248' title='bbox 1363 3699 1545 3764; x_wconf 88' lang='lat' dir='ltr'>advocasse.</span> <span class='ocrx_word' id='word_1_249' title='bbox 1593 3696 1672 3774; x_wconf 78' lang='lat' dir='ltr'>Quis</span> 
     </span>
     <span class='ocr_line' id='line_1_32' title="bbox 403 3803 1674 3892; baseline -0.003 -22"><span class='ocrx_word' id='word_1_250' title='bbox 403 3808 508 3871; x_wconf 90' lang='lat' dir='ltr'>nescit</span> <span class='ocrx_word' id='word_1_251' title='bbox 533 3807 699 3892; x_wconf 89' lang='lat' dir='ltr'>plorantes</span> <span class='ocrx_word' id='word_1_252' title='bbox 728 3806 905 3873; x_wconf 86' lang='lat' dir='ltr'>infantulos</span> <span class='ocrx_word' id='word_1_253' title='bbox 939 3809 1100 3872; x_wconf 88' lang='lat' dir='ltr'>nutricum</span> <span class='ocrx_word' id='word_1_254' title='bbox 1131 3808 1300 3873; x_wconf 89' lang='lat' dir='ltr'>cantilenis</span> <span class='ocrx_word' id='word_1_255' title='bbox 1332 3805 1453 3890; x_wconf 88' lang='lat' dir='ltr'>placari</span> <span class='ocrx_word' id='word_1_256' title='bbox 1486 3809 1518 3869; x_wconf 94' lang='lat' dir='ltr'>et</span> <span class='ocrx_word' id='word_1_257' title='bbox 1547 3803 1674 3869; x_wconf 88' lang='lat' dir='ltr'>accensi</span> 
     </span>
     <span class='ocr_line' id='line_1_33' title="bbox 407 3911 1673 4002; baseline -0.001 -26"><span class='ocrx_word' id='word_1_258' title='bbox 407 3915 572 3999; x_wconf 87' lang='lat' dir='ltr'>sanguinis</span> <span class='ocrx_word' id='word_1_259' title='bbox 608 3915 754 3979; x_wconf 88' lang='lat' dir='ltr'>ardorem</span> <span class='ocrx_word' id='word_1_260' title='bbox 783 3917 925 3979; x_wconf 89' lang='lat' dir='ltr'>numeris</span> <span class='ocrx_word' id='word_1_261' title='bbox 956 3916 1113 4002; x_wconf 89' lang='lat' dir='ltr'>extingui,</span> <span class='ocrx_word' id='word_1_262' title='bbox 1149 3937 1249 4000; x_wconf 91' lang='lat' dir='ltr'>equos</span> <span class='ocrx_word' id='word_1_263' title='bbox 1283 3916 1323 3979; x_wconf 89' lang='lat' dir='ltr'>ad</span> <span class='ocrx_word' id='word_1_264' title='bbox 1356 3914 1454 3979; x_wconf 88' lang='lat' dir='ltr'>tubae</span> <span class='ocrx_word' id='word_1_265' title='bbox 1488 3911 1673 3997; x_wconf 87' lang='lat' dir='ltr'>clangorem</span> 
     </span>
     <span class='ocr_line' id='line_1_34' title="bbox 406 4019 1671 4106; baseline -0.002 -22"><span class='ocrx_word' id='word_1_266' title='bbox 406 4022 524 4086; x_wconf 85' lang='lat' dir='ltr'>micare</span> <span class='ocrx_word' id='word_1_267' title='bbox 549 4023 689 4104; x_wconf 90' lang='lat' dir='ltr'>auribus,</span> <span class='ocrx_word' id='word_1_268' title='bbox 714 4028 852 4087; x_wconf 88' lang='lat' dir='ltr'>tremere</span> <span class='ocrx_word' id='word_1_269' title='bbox 877 4025 1037 4106; x_wconf 80' lang='lat' dir='ltr'>artubus2,</span> <span class='ocrx_word' id='word_1_270' title='bbox 1061 4022 1205 4088; x_wconf 90' lang='lat' dir='ltr'>hinnitus</span> <span class='ocrx_word' id='word_1_271' title='bbox 1230 4023 1337 4102; x_wconf 88' lang='lat' dir='ltr'>edere,</span> <span class='ocrx_word' id='word_1_272' title='bbox 1367 4020 1489 4105; x_wconf 89' lang='lat' dir='ltr'>largius</span> <span class='ocrx_word' id='word_1_273' title='bbox 1518 4019 1671 4100; x_wconf 89' lang='lat' dir='ltr'>exultare,</span> 
     </span>
     <span class='ocr_line' id='line_1_35' title="bbox 405 4128 1673 4232; baseline -0.004 -40"><span class='ocrx_word' id='word_1_274' title='bbox 405 4133 492 4193; x_wconf 90' lang='lat' dir='ltr'>stare</span> <span class='ocrx_word' id='word_1_275' title='bbox 515 4129 588 4194; x_wconf 91' lang='lat' dir='ltr'>loco</span> <span class='ocrx_word' id='word_1_276' title='bbox 610 4131 745 4232; x_wconf 68' lang='lat' dir='ltr'>nescire,</span> <span class='ocrx_word' id='word_1_277' title='bbox 769 4152 911 4216; x_wconf 88' lang='lat' dir='ltr'>pugnarn</span> <span class='ocrx_word' id='word_1_278' title='bbox 934 4130 1133 4214; x_wconf 89' lang='lat' dir='ltr'>Martemque</span> <span class='ocrx_word' id='word_1_279' title='bbox 1157 4131 1271 4195; x_wconf 83' lang='lat' dir='ltr'>sitire?</span> <span class='ocrx_word' id='word_1_280' title='bbox 1317 4128 1536 4193; x_wconf 87' lang='lat' dir='ltr'>Priscianus</span> <span class='ocrx_word' id='word_1_281' title='bbox 1561 4129 1673 4190; x_wconf 89' lang='lat' dir='ltr'>auctor</span> 
     </span>
     <span class='ocr_line' id='line_1_36' title="bbox 405 4234 1724 4323; baseline -0.004 -23"><span class='ocrx_word' id='word_1_282' title='bbox 405 4240 454 4300; x_wconf 90' lang='lat' dir='ltr'>est</span> <span class='ocrx_word' id='word_1_283' title='bbox 477 4238 562 4320; x_wconf 89' lang='lat' dir='ltr'>apud</span> <span class='ocrx_word' id='word_1_284' title='bbox 583 4236 708 4303; x_wconf 83' lang='lat' dir='ltr'>Siculos</span> <span class='ocrx_word' id='word_1_285' title='bbox 732 4238 856 4302; x_wconf 89' lang='lat' dir='ltr'>fontem</span> <span class='ocrx_word' id='word_1_286' title='bbox 881 4260 959 4320; x_wconf 90' lang='lat' dir='ltr'>esse,</span> <span class='ocrx_word' id='word_1_287' title='bbox 985 4238 1040 4322; x_wconf 91' lang='lat' dir='ltr'>qui</span> <span class='ocrx_word' id='word_1_288' title='bbox 1059 4239 1099 4303; x_wconf 90' lang='lat' dir='ltr'>ad</span> <span class='ocrx_word' id='word_1_289' title='bbox 1114 4239 1202 4323; x_wconf 88' lang='lat' dir='ltr'>lyrae</span> <span class='ocrx_word' id='word_1_290' title='bbox 1225 4239 1365 4304; x_wconf 91' lang='lat' dir='ltr'>sonitum</span> <span class='ocrx_word' id='word_1_291' title='bbox 1381 4236 1498 4300; x_wconf 87' lang='lat' dir='ltr'>saltare</span> <span class='ocrx_word' id='word_1_292' title='bbox 1514 4234 1671 4299; x_wconf 88' lang='lat' dir='ltr'>videatur.</span> <span class='ocrx_word' id='word_1_293' title='bbox 1716 4279 1724 4294; x_wconf 89' lang='lat'><strong><em>.</em></strong></span> 
     </span>
    </p>
   </div>
   <div class='ocr_carea' id='block_1_7' title="bbox 402 4344 1670 4433">
    <p class='ocr_par' dir='ltr' id='par_1_9' title="bbox 402 4344 1670 4433">
     <span class='ocr_line' id='line_1_37' title="bbox 402 4344 1670 4433; baseline -0.002 -24"><span class='ocrx_word' id='word_1_294' title='bbox 402 4345 511 4410; x_wconf 89' lang='lat' dir='ltr'>Habet</span> <span class='ocrx_word' id='word_1_295' title='bbox 533 4347 635 4433; x_wconf 86' lang='lat' dir='ltr'>igitur</span> <span class='ocrx_word' id='word_1_296' title='bbox 654 4346 767 4429; x_wconf 88' lang='lat' dir='ltr'>procul</span> <span class='ocrx_word' id='word_1_297' title='bbox 790 4346 888 4412; x_wconf 91' lang='lat' dir='ltr'>dubio</span> <span class='ocrx_word' id='word_1_298' title='bbox 911 4347 1084 4412; x_wconf 89' lang='lat' dir='ltr'>maximam</span> <span class='ocrx_word' id='word_1_299' title='bbox 1106 4350 1229 4412; x_wconf 92' lang='lat' dir='ltr'>musica</span> <span class='ocrx_word' id='word_1_300' title='bbox 1253 4345 1416 4432; x_wconf 90' lang='lat' dir='ltr'>energiam</span> <span class='ocrx_word' id='word_1_301' title='bbox 1446 4351 1479 4410; x_wconf 89' lang='lat' dir='ltr'>et</span> <span class='ocrx_word' id='word_1_302' title='bbox 1505 4344 1670 4430; x_wconf 90' lang='lat' dir='ltr'>ingentem</span> 
     </span>
    </p>
   </div>
   <div class='ocr_carea' id='block_1_8' title="bbox 493 4553 610 4694">
    <p class='ocr_par' dir='ltr' id='par_1_10' title="bbox 493 4553 610 4694">
     <span class='ocr_line' id='line_1_38' title="bbox 493 4553 598 4608; baseline -0.01 0"><span class='ocrx_word' id='word_1_303' title='bbox 493 4558 501 4592; x_wconf 86' lang='lat'><strong>¹</strong></span> <span class='ocrx_word' id='word_1_304' title='bbox 521 4553 598 4608; x_wconf 87' lang='lat' dir='ltr'>licet.</span> 
     </span>
     <span class='ocr_line' id='line_1_39' title="bbox 493 4641 610 4694; baseline 0 0"><span class='ocrx_word' id='word_1_305' title='bbox 493 4641 504 4677; x_wconf 78' lang='lat'>2</span> <span class='ocrx_word' id='word_1_306' title='bbox 522 4643 610 4694; x_wconf 85' lang='lat' dir='ltr'>artus.</span> 
     </span>
    </p>
   </div>
   <div class='ocr_carea' id='block_1_9' title="bbox 0 0 1876 5528">
    <p class='ocr_par' dir='ltr' id='par_1_11' title="bbox 0 0 1876 5528">
     <span class='ocr_line' id='line_1_40' title="bbox 0 0 1876 5528; baseline 0 0"><span class='ocrx_word' id='word_1_307' title='bbox 0 0 1876 5528; x_wconf 95' lang='lat' dir='ltr'> </span> 
     </span>
    </p>
   </div>
  </div>
 </body>
</html>
