3742 5528
689 299 905 364 -19-

164 493 316 537 sonorum
333 473 502 537 distantias
519 477 657 557 oportet,
682 494 763 558 quae
785 473 820 537 in
841 479 919 539 octo
932 474 1066 538 vocibus
1089 474 1431 558 diapason-continen-

163 580 250 646 tibus
277 580 492 645 includuntur.
548 581 613 646 Sed
642 585 769 665 postea,
801 585 838 646 ut
864 581 1023 646 memoria
1052 603 1204 647 sonorum
1234 584 1429 663 recordetur,

165 679 383 772 unusquisque
398 671 529 753 nomine
545 688 729 773 proferatur
744 689 880 773 diverso,
906 690 991 774 quod
1013 689 1076 754 fuit
1090 690 1232 774 antiquis
1247 690 1282 755 in
1297 712 1429 770 morem,

162 799 200 859 ut
223 793 348 861 Oddo¹
371 797 565 861 enchiriadis
588 796 729 862 dicebat:
759 817 818 861 noe
845 817 1020 862 manaurae
1049 799 1209 882 cunea9i3,
1241 820 1322 883 quae
1348 798 1432 863 nihil

165 909 240 969 sunt
267 903 492 990 significantia.
541 903 608 968 Alii
638 926 715 969 vero
749 905 803 986 tri,
827 925 898 989 pre,
928 907 974 987 dc,
1001 927 1070 988 nos,
1099 912 1135 988 te,
1166 907 1217 988 ad,
1248 907 1314 989 do²,
1349 928 1431 992 quae

165 1011 392 1098 significabant
424 1013 591 1077 modorum
627 1013 733 1095 sedes,
778 1013 817 1077 de
851 1012 967 1097 quibus
1003 1014 1038 1077 in
1075 1036 1133 1078 suo
1166 1014 1238 1079 loco
1276 1013 1431 1079 dicemus.

165 1119 231 1183 Alii
254 1124 362 1184 autem
385 1120 489 1185 solum
512 1121 638 1185 litteras
662 1119 827 1204 alphabeti
850 1122 1015 1205 ponebant
1037 1119 1173 1186 scilicet:
1198 1143 1227 1204 a,
1250 1122 1278 1203 b,
1302 1143 1327 1204 c,
1351 1123 1381 1204 ei,
1406 1144 1429 1204 e,

164 1228 243 1311 ἦρ,
270 1233 307 1292 ut
330 1227 558 1314 Gregorius,
590 1227 842 1314 Augustinus,
874 1227 1101 1295 Ambrosius
1132 1234 1164 1294 et
1192 1230 1430 1308 Bernardus3

169 1334 291 1401 Guido
314 1357 390 1401 vero
413 1343 458 1418 ut,
482 1358 525 1418 re,
549 1337 605 1418 nei,
629 1336 676 1420 fa,
699 1338 753 1419 sol,
778 1337 818 1419 Ia,
844 1335 928 1400 sicut
951 1341 1025 1415 ante
1042 1337 1188 1401 diximus.
1230 1335 1432 1421 Quamquam

165 1443 247 1508 illud
263 1466 301 1508 ex
317 1443 476 1508 accidenti
497 1443 622 1520 fecerit,
646 1444 799 1527 quoniam
816 1444 914 1508 etiam
936 1442 1055 1509 litteris
1079 1446 1187 1509 omnia
1204 1445 1351 1528 exempla
1373 1466 1431 1508 sua

167 1551 374 1628 demonstrat,
399 1571 553 1635 sequaces
568 1571 645 1616 vero
661 1555 735 1634 post
757 1551 804 1615 ita
823 1550 874 1614 his
889 1550 1022 1616 vocibus
1039 1550 1225 1634 adhaerent,
1249 1556 1285 1616 ut
1300 1552 1432 1617 omnino

165 1658 238 1723 illas
261 1663 376 1743 putent
400 1681 469 1723 esse
492 1658 634 1723 musIcae
657 1659 865 1742 necessarias,
891 1660 977 1743 quod
1000 1660 1210 1725 deridendum
1234 1664 1291 1724 est.

250 1765 318 1831 Nos
340 1766 449 1852 igitur,
475 1767 529 1851 qui
553 1766 637 1832 circa
663 1765 758 1830 huius
789 1767 867 1831 artis
890 1766 1060 1832 veritatem
1087 1768 1312 1866 inquirendam
1341 1767 1434 1832 lucu-

165 1873 287 1940 brando
311 1879 407 1959 atque
430 1874 596 1961 vigilando
620 1874 674 1939 diu
695 1875 923 1956 laboravimus,
954 1875 1111 1940 dictiones
1140 1875 1275 1961 singulis
1305 1876 1433 1941 chordis

164 1982 359 2066 imponimus
381 2004 482 2046 novas
507 1987 539 2046 et
562 1982 695 2046 effectus
718 1981 818 2046 totius
842 1983 1033 2047 denotantes
1057 1980 1231 2048 concentus
1254 1984 1309 2061 ila,
1341 1984 1433 2049 utin

165 2091 308 2177 graviori
336 2090 461 2155 dicatur
478 2091 561 2173 psat,
592 2089 627 2152 in
656 2089 805 2174 sequenti
827 2091 858 2171 li,
887 2089 923 2153 in
950 2090 1049 2154 tertia
1076 2096 1138 2171 tur,
1168 2092 1201 2154 in
1233 2096 1346 2175 quarta
1361 2113 1432 2176 per,

164 2197 198 2262 in
223 2199 336 2282 quinta
358 2220 405 2280 aa,
433 2197 467 2261 in
492 2201 583 2262 sexta
605 2218 663 2280 ces,
693 2197 727 2261 in
750 2198 888 2281 septima
910 2198 960 2261 is3
984 2202 1016 2262 et
1041 2198 1076 2261 in
1100 2202 1212 2263 octava
1236 2204 1297 2277 ias3
1330 2203 1361 2262 et
1388 2200 1434 2263 sic

167 2306 228 2370 erit
259 2306 422 2371 conclusio
446 2306 657 2390 syllabarum:
687 2307 842 2390 psallitur
866 2327 926 2389 per
948 2327 1035 2370 uoces
1057 2306 1149 2380 ictas,
1182 2307 1334 2390 quoniam
1361 2312 1433 2372 octo

165 2414 298 2479 vocibus
320 2413 357 2478 fit
378 2416 466 2478 totus
493 2417 677 2478 concentus.
723 2414 880 2478 Locamus
904 2418 1013 2476 autem
1044 2433 1097 2478 eas
1126 2435 1144 2476 a
1171 2412 1281 2477 littera
1303 2435 1320 2478 c
1341 2415 1433 2500 gravi

256 2688 346 2760 1ng
365 2689 477 2744 Musica
493 2688 676 2758 enchiriadis,
700 2707 761 2759 cap.
775 2690 840 2744 VIII
859 2687 1027 2756 (diethart,
1052 2689 1212 2759 Scriptores
1231 2691 1251 2758 l,
1271 2689 1371 2755 158bl:
1390 2695 1435 2746 ut·

165 2781 234 2848 pote
246 2777 439 2832 Noannoeane
458 2778 488 2831 et
499 2775 634 2847 Noeagis,
653 2778 683 2830 et
701 2779 823 2844 caetera,
842 2793 916 2844 quae
935 2779 1071 2845 putamus
1091 2793 1149 2830 non
1167 2778 1227 2831 tarn
1245 2776 1437 2846 significativa

170 2881 232 2920 esse
251 2864 339 2918 verba
357 2879 443 2931 quam
462 2862 589 2932 syllabas
608 2862 799 2917 modulationi
817 2862 981 2917 attributas.

174 2983 177 2988 Δ
252 2949 305 3004 Die
327 2949 438 3004 Musica
460 2949 632 3004 erccbiriadis
655 2949 753 3002 wurde
777 2947 809 3002 in
834 2950 964 3019 spaterer
988 2948 1051 3003 Zeit
1072 2947 1199 3004 nielfach
1221 2948 1316 3003 einem
1340 2948 1435 3005 Oddo

167 3035 404 3107 augeschrieben‚
430 3035 484 3089 wie
507 3033 734 3089 Handschriften
757 3034 788 3088 in
806 3033 1031 3102 Wolfenbfittel,
1051 3033 1158 3088 Oxford
1177 3033 1237 3088 und
1256 3033 1365 3088 Gerena
1387 3036 1436 3090 be·

165 3124 281 3178 weisen.
311 3122 394 3176 Auch
412 3122 510 3176 wurde
528 3120 701 3191 umgekehrt
718 3138 774 3176 von
787 3120 995 3176 Theoretilrem
1013 3120 1162 3175 mehrfach
1177 3121 1228 3175 der
1239 3119 1315 3175 Titel
1334 3120 1437 3174 Mechi-

165 3211 260 3264 ridion
277 3208 329 3264 auf
339 3209 395 3263 den
407 3208 540 3278 Dialogus
553 3207 705 3262 Oddonis
719 3208 918 3276 angewendet.
949 3207 1021 3277 [Vgl.
1040 3207 1120 3262 Hans
1134 3207 1270 3275 Miiller,
1289 3206 1436 3262 Hucbalds

167 3296 251 3351 echte
273 3296 332 3350 und
351 3295 476 3350 nnechte
496 3293 640 3348 Schriften
664 3295 736 3348 uber
754 3293 862 3363 Musik,
886 3293 1005 3364 Leipzig
1022 3293 1102 3362 1884,
1128 3293 1155 3348 S.
1168 3294 1248 3361 taff,
1269 3294 1330 3350 35f.
1350 3293 1437 3350 sowic

168 3380 357 3449 Gerbert,
383 3379 543 3450 Scriptores
562 3381 587 3448 I,
611 3380 663 3435 252
681 3381 764 3434 Anm.
782 3396 800 3433 a
826 3380 886 3434 und
911 3379 957 3434 die
982 3380 1070 3435 letata
1094 3381 1184 3450 Figur
1207 3381 1258 3434 der
1280 3380 1438 3450 folgenden

167 3467 256 3524 Tafel.
286 3466 448 3522 Bei'ltamis
466 3466 587 3521 handelt
606 3483 635 3520 es
656 3466 718 3521 sich
728 3466 821 3534 indes,
841 3466 896 3521 wie
914 3469 990 3522 oben
1003 3467 1117 3538 gezeigt
1129 3467 1176 3534 ist,
1195 3484 1243 3520 um
1262 3465 1334 3532 eine,
1352 3483 1437 3522 wenn

168 3555 242 3609 auch
260 3554 364 3608 hbchst
385 3569 520 3623 ungenau
543 3551 801 3622 wiedergegebene
829 3553 919 3608 Stelle
945 3553 996 3608 der
1022 3553 1131 3607 Musica
1149 3551 1326 3606 enchiriadis.
1371 3550 1435 3623 Vgl.

168 3639 307 3710 librigens
326 3639 400 3694 auch
418 3637 602 3693 Aureliani
620 3637 820 3693 Reomensis
843 3639 954 3694 Musica
971 3639 1134 3708 disciplina,
1154 3653 1214 3708 cap.
1233 3637 1250 3692 8
1269 3637 1437 3706 [Gerbert,

170 3727 331 3798 Scriptores
349 3727 370 3793 I,
388 3726 474 3792 dhet.)

253 3815 265 3852 2
282 3812 347 3882 Vgl.
367 3812 398 3868 G.
412 3812 539 3883 Lange,
561 3812 631 3866 ›an
644 3811 817 3868 Geschichte
832 3813 883 3866 der
895 3812 1098 3868 Solmisatiom
1118 3811 1149 3866 in
1168 3810 1370 3866 Semmelband
1387 3811 1437 3878 1,1

168 3901 219 3961 der
235 3899 483 3954 Internationalen
501 3897 805 3954 Musih·Gesellschaft
823 3898 957 3970 (Leipzig,
976 3898 1131 3968 BreItkopl
1140 3915 1166 3952 u.
1180 3897 1289 3961 Horten
1309 3896 1335 3950 S.
1347 3896 1436 3951 543ff.

167 3989 200 4040 ln
218 3986 290 4051 ASO
307 3985 391 4040 heisst
410 3985 457 4040 die
476 3989 551 4040 erate
572 3983 650 4040 Silbe
667 3991 710 4056 tu,
735 3985 766 4039 in
787 3985 892 4041 beiden
911 3984 1045 4040 Drucken
1063 3984 1164 4038 lauten
1183 3983 1229 4038 die
1249 3982 1311 4041 drei
1328 3983 1399 4038 letzt
1386 3985 1437 4038 ten

168 4071 268 4128 Silben
286 4072 331 4139 tri,
350 4078 380 4139 te,
400 4074 442 4126 ccl.
479 4072 621 4127 Burtius
639 4047 720 4127 fuhrt
739 4070 785 4126 die
806 4070 905 4127 Silben
923 4072 998 4127 nach
1017 4071 1084 4126 Α81
1104 4071 1157 4126 auf
1171 4071 1225 4125 mit·
1243 4069 1438 4193 Weglassung

168 4159 220 4214 der
236 4159 353 4213 letzten

236 4247 248 4285 ³
273 4233 360 4300 Uber
379 4243 457 4299 diese
477 4245 608 4300 siebente
628 4244 706 4301 Silbe
726 4247 792 4316 sagt
809 4187 879 4301 Hot
866 4246 989 4315 t’hby
980 4264 1011 4300 rn
1036 4245 1131 4300 seiner
1155 4260 1249 4315 gagen
1266 4187 1365 4298 Remis
1389 4260 1439 4312 ge·

167 4331 311 4386 richteten
335 4329 442 4384 Schrift
465 4330 602 4385 Elnitatio
626 4333 760 4401 quaedam
778 4330 902 4386 Musicae
923 4333 993 4386 anis
1012 4351 1065 4402 per
1088 4331 1281 4400 refutationem
1304 4329 1438 4396 (Florenz,

167 4417 240 4472 Bibl.
254 4416 319 4472 Nat
333 4417 429 4472 Centr.
441 4416 508 4471 (lod.
519 4418 578 4472 Pal.
589 4418 661 4484 nn:
676 4417 784 4473 Saltem
797 4418 832 4472 de
845 4421 896 4473 tuo
909 4419 1025 4474 nomine
1038 4419 1064 4474 is
1077 4420 1152 4474 feras
1165 4418 1288 4484 laudern,
1302 4415 1439 4485 quoniam

166 4506 227 4558 tam
251 4522 303 4576 pro
325 4511 336 4566 t
356 4504 489 4571 rotunda,
518 4521 604 4572 quarn
628 4522 680 4574 pro
702 4514 713 4564 t
734 4505 875 4572 quadrata
899 4504 977 4560 idem
1000 4507 1116 4562 omnino
1141 4504 1248 4560 sentire
1277 4501 1438 4559 decrevisti,

166 4589 338 4660 Vergleiche
357 4593 428 4647 aber
447 4591 579 4661 dagegen
597 4591 722 4662 Anhang
739 4590 787 4645 Nr.
801 4592 834 4646 II.
1153 4603 1155 4608 ’
1309 4605 1312 4618 ’

1197 4694 1230 4748 2*
