3734 5572
946 360 1159 424 ,76-

418 536 509 600 loeus
543 535 735 618 eset-sant
765 533 869 599 caruit
902 534 946 597 mi
981 533 1105 617 quinte,
1142 517 1295 618 quonium
1330 538 1442 597 eontra
1471 533 1494 616 f
1518 531 1589 597 fieri
1622 554 1687 596 non

419 642 535 728 potuit.
581 643 659 708 Ideo
682 646 808 707 tentum
831 664 867 706 re
895 641 945 706 sol
972 641 1126 725 obtinuit,
1157 662 1269 706 verum
1291 641 1415 725 esa-ut
1435 663 1470 706 re
1493 641 1528 705 fe
1554 640 1604 707 sol
1626 642 1690 707 sibi

419 751 569 815 vendicet
590 749 768 815 inhaerere.
805 749 871 815 Sed
894 751 922 814 si
945 749 1112 836 contingat
1133 748 1166 814 la
1182 750 1329 835 quintum
1345 748 1559 834 compositum
1580 748 1688 815 losum

418 858 549 941 hebere,
574 858 815 942 componendus
839 857 963 922 carebit
986 856 1109 941 eedem,
1138 857 1290 942 quoniam
1313 856 1429 922 ultima
1456 856 1488 922 la
1510 857 1600 922 nulla
1626 879 1689 922 vox

421 965 526 1030 estin
548 967 612 1030 ista
636 966 783 1031 doctrine
805 965 946 1030 confuse.
994 963 1075 1030 Cum
1096 965 1198 1052 igitur
1221 965 1285 1030 alie
1307 969 1472 1052 gemmata
1495 986 1688 1049 componere

419 1074 509 1156 velis,
534 1073 635 1159 signis
658 1076 677 1140 8
701 1073 894 1157 comparatis
921 1074 1008 1138 idem
1032 1073 1168 1156 eveniet,
1198 1093 1235 1138 ee
1264 1073 1360 1138 etiam
1390 1075 1424 1137 in
1451 1074 1687 1158 complemento

419 1181 507 1245 idem
529 1180 721 1245 faciendum.
769 1180 859 1259 Quae
880 1183 989 1246 omnia
1010 1182 1045 1245 in
1068 1180 1214 1246 subiecta
1236 1180 1339 1267 figura
1361 1180 1575 1247 eontinentur.

506 1290 601 1354 Patet
629 1311 668 1354 ex
693 1288 765 1373 boc,
797 1289 882 1374 quod
911 1311 971 1353 nee
1000 1289 1035 1353 fe
1060 1311 1120 1354 nee
1145 1293 1182 1354 ut
1211 1293 1323 1354 contre
1344 1311 1379 1354 re
1407 1287 1478 1354 fieri
1505 1293 1622 1373 potest,
1653 1295 1689 1353 ut

419 1395 552 1460 tertium
567 1417 697 1482 gemme
719 1400 752 1460 et
773 1396 947 1481 septimum
969 1397 1004 1460 in
1026 1417 1047 1459 a
1060 1417 1103 1461 re.
1142 1395 1211 1462 Nee
1233 1419 1268 1461 re
1290 1418 1350 1462 nee
1373 1395 1405 1460 le
1428 1401 1541 1462 eontra
1563 1395 1596 1460 fa
1617 1395 1687 1460 fieri

420 1525 516 1587 posse
539 1508 632 1588 petet
655 1526 694 1568 ex
721 1504 962 1587 comparatione
988 1503 1078 1568 tertii
1106 1503 1302 1570 hexeebordi
1330 1505 1370 1569 ed
1396 1505 1525 1592 Παπαῖ.
1572 1503 1627 1569 Sie
1657 1507 1689 1568 et

421 1611 503 1676 eliae
526 1633 622 1677 voees
645 1616 758 1678 contre
781 1610 861 1676 alies
887 1613 922 1676 in
945 1612 1079 1676 diversis
1101 1611 1314 1678 hexaehordis
1336 1611 1407 1677 fieri
1433 1634 1499 1677 non
1525 1616 1685 1696 poterunt,

420 1720 506 1804 quod
530 1719 680 1805 diligenti
702 1718 818 1785 lectori
840 1719 1051 1804 relinquimus
1073 1720 1302 1807 indagandum.

507 1827 737 1892 Animadverte
771 1827 885 1914 igitur,
920 1829 1030 1912 lector,
1067 1833 1186 1913 quanta
1221 1851 1239 1893 a
1273 1829 1464 1913 sequacibus
1499 1827 1686 1892 (luidonis

421 1939 532 2000 secute
553 1934 636 2000 mire
658 1936 816 2000 videntur.
862 1937 981 2002 'Potum
1002 1936 1090 2002 istud
1117 1942 1227 2002 temen
1249 1937 1484 2021 assequendum
1508 1939 1576 2000 est1
1601 1939 1688 1999 reete

420 2042 679 2129 intelligentibus
694 2047 839 2108 nostram
862 2044 1050 2110 doctrinam.
1089 2044 1156 2128 Ipsi
1180 2049 1297 2127 nutem,
1321 2049 1493 2128 postquam
1509 2042 1688 2107 doetiinem

421 2151 515 2214 unius
539 2152 712 2236 gemmatis
729 2157 937 2238 cognoscunt,
961 2151 1064 2217 multe
1087 2175 1121 2218 se
1145 2153 1226 2218 seire
1244 2153 1450 2236 arbitrentur,
1473 2152 1592 2216 nedum
1615 2171 1688 2214 eum

422 2259 485 2324 duo
508 2259 581 2324 vel²
605 2260 645 2324 eb
668 2282 732 2325 uno
754 2261 790 2325 in
813 2260 912 2325 ulium
934 2261 1083 2327 invicem.

1545 2410 1685 2419 ———

510 2485 518 2520 ¹
536 2481 703 2537 asservendi
721 2486 828 2552 potest.
984 2485 1053 2539 2ut.
