3742 5528
705 307 920 374 ...ὖὸ-

188 509 191 522 ·
267 489 403 570 Propter
429 484 513 550 hano
541 483 641 570 igitur
666 475 927 548 conformitatem
954 485 1022 546 tam
1048 481 1084 544 in
1107 501 1141 544 re
1166 501 1262 564 quam
1278 480 1388 544 ‘etiam
1406 478 1450 543 in

181 597 311 661 nomine
336 591 452 658 Graeci
476 596 508 656 et
532 592 629 656 etiam
644 591 754 655 nostri
782 589 908 673 antiqui
926 590 1057 653 tantum
1080 591 1228 673 quatuorr
1248 589 1450 652 essediount

180 704 302 784 modos,
328 700 404 785 quia
427 699 550 783 species
575 697 726 781 diapente
750 696 949 782 quadruplex
972 700 1029 760 est.
1057 695 1111 760 *Ec
1133 695 1179 760 sic
1199 695 1303 779 prima
1326 695 1449 779 species

184 810 366 896 appellatur
384 812 497 892 protus
520 827 645 892 graece,
671 807 756 889 quod
776 805 877 869 latine
898 805 1020 888 primus
1042 803 1286 886 interpretatum
1311 802 1451 867 secunda

183 921 333 985 deuterus
354 937 479 1002 graece,
502 914 603 978 latine
625 913 796 992 secundus3
819 914 916 976 tertia
938 911 1033 976 tritus
1056 933 1180 998 graece,
1204 911 1305 975 latine
1321 911 1450 990 tertius3

187 1029 302 1111 quarta
324 1024 506 1089 tetrardus1
528 1031 653 1108 graece,
678 1020 779 1084 latine
803 1017 964 1104 quartus'¹
1019 1069 1023 1076 .

271 1136 341 1214 (pag.
359 1135 402 1213 42)
425 1129 561 1208 Quando
576 1128 676 1214 igitur
691 1132 803 1212 protus
822 1127 1023 1193 diatessaron
1037 1126 1137 1191 habet
1152 1148 1249 1212 supra
1264 1147 1309 1208 se,
1333 1124 1450 1189 dicitur

184 1245 297 1324 protus
314 1225 503 1321 autenticus,
527 1237 612 1301 idest
626 1227 749 1320 primus
765 1234 938 1300 auctoralis
962 1235 1027 1301 sive
1050 1227 1214 1321 magister.
1262 1233 1326 1298 Sed
1341 1233 1369 1296 si
1384 1233 1452 1296 dia-

182 1352 330 1412 tessaron
361 1346 421 1411 sub
449 1367 483 1410 se
513 1345 641 1428 recipit¹
662 1343 824 1420 autentica
843 1357 968 1422 carens
1003 1341 1196 1425 elevatione,
1230 1339 1335 1426 plagis
1365 1340 1450 1423 proti

184 1458 388 1537 nuncupatur
419 1453 519 1540 idest,
539 1451 735 1516 collateralis
769 1451 822 1516 vel
855 1450 1043 1540 discipulae,
1083 1454 1119 1541 ut
1153 1449 1263 1514 dicunt
1296 1448 1451 1538 moderni,

186 1560 329 1639 Quodsi
352 1564 523 1644 utrumque
546 1559 706 1642 habuerit,
729 1555 849 1622 mixtus
872 1558 1023 1623 diceturx
1052 1557 1105 1622 Sic
1130 1562 1162 1622 et
1178 1558 1224 1622 de
1252 1557 1325 1621 aliis
1347 1555 1451 1620 tribus

184 1663 340 1754 intellige.
386 1668 436 1732 De
464 1667 524 1731 hac
555 1671 666 1731 tamen
691 1666 847 1731 mixtione
878 1647 973 1729 nunc
991 1663 1157 1750 superficie
1184 1669 1278 1729 tenus
1307 1663 1450 1743 dicimus

186 1775 337 1861 quoniam
359 1778 486 1839 tantum
509 1775 549 1838 de
571 1773 673 1858 ipsius
691 1773 848 1857 diapason
871 1772 1040 1857 speciebus
1062 1776 1249 1853 tractamus,
1274 1771 1451 1855 exquibus

183 1884 232 1947 illi
256 1887 328 1948 octo
350 1883 544 1966 proveniunt
565 1881 644 1947 toni.
692 1879 827 1958 Quando
850 1901 927 1945 vero
949 1879 1006 1944 isti
1028 1879 1099 1945 toni
1123 1897 1214 1943 suam
1234 1879 1369 1963 quisque
1392 1879 1452 1942 im-

184 1991 275 2076 plent
299 1989 462 2074 diapason,
487 1987 607 2074 singuli
621 1986 758 2072 perfecti
780 1989 862 2050 sunt.
901 1986 1029 2051 sivero
1053 1985 1212 2075 deficiunt,
1237 1991 1312 2059 sunt
1334 1985 1453 2069 imper*

183 2098 275 2187 fecti3
301 2098 328 2161 si
351 2096 621 2180 superabundant,
647 2093 808 2178 superflui.
1449 2105 1452 2113 ·’

188 2217 191 2222 ’
274 2205 349 2270 Non
382 2209 492 2268 autem
525 2207 600 2268 sunt
617 2201 954 2286 plusquamperfect,
990 2205 1025 2266 ut
1052 2200 1243 2287 Ugolinus
1277 2201 1393 2264 asserit
1422 2205 1453 2264 et

184 2313 205 2378 J
213 2311 385 2377 ohannes
412 2313 455 2377 de
477 2311 609 2394 Muris,
643 2333 737 2394 quem
759 2310 829 2393 ipse
857 2309 993 2374 nimium
1020 2308 1144 2398 laudat,
1175 2331 1212 2372 ac
1234 2307 1452 2373 Marchetus

185 2422 376 2505 reprobatus
400 2444 418 2484 a
439 2419 539 2484 fratre
562 2419 583 2484 J
588 2419 766 2483 ohanne2.
792 2421 794 2430 '
813 2417 884 2503 Ego
909 2419 993 2482 enim
1016 2417 1087 2482 dico
1110 2418 1232 2494 tonum,
1263 2417 1318 2500 qui
1339 2415 1454 2500 implet

187 2552 277 2594 suam
306 2530 459 2613 diapason
485 2550 546 2593 nec
569 2527 654 2612 'plus'
676 2533 737 2592 nec
764 2526 885 2608 minus,
918 2525 987 2590 esse
1010 2525 1204 2616 perfectum.
1251 2523 1314 2600 Qui
1346 2528 1454 2588 autem

186 2636 312 2700 excedit
333 2636 386 2700 vel
409 2635 523 2718 deficit,
554 2631 763 2720 imperfectus
792 2638 841 2698 est
868 2633 1088 2717 superfluitate
1117 2637 1172 2696 aut
1202 2630 1451 2696 diminutione*.

186 2743 271 2808 Istos
296 2743 381 2807 enim
404 2747 476 2808 octo
499 2744 612 2808 modos
635 2743 793 2808 modemi‘
808 2742 854 2806 sic
874 2742 1051 2825 appellant,
1080 2744 1116 2803 ut
1137 2744 1249 2823 protus
1273 2738 1454 2804 autenticus

191 2849 316 2914 dicatur
337 2852 467 2935 primur,
495 2852 562 2916 eius
584 2850 723 2937 plagalis
746 2851 913 2932 secundus,
944 2850 1093 2915 deuterus
1121 2847 1301 2913 autenticus
1329 2847 1454 2926 tertius,

188 2959 256 3022 eius
271 2958 408 3044 plagalis
432 2963 572 3044 quartus,
597 2960 692 3024 tritus
716 2959 898 3023 autenticus
915 2957 1053 3042 quintus,
1079 2957 1147 3021 eius
1170 2955 1308 3041 plagalis
1332 2959 1449 3035 sextus,
1542 2959 1543 2962 ’

187 3067 349 3130 tetrardus
372 3067 553 3130 autenticus
577 3066 742 3150 septimus,
767 3068 835 3130 eius
858 3065 997 3151 plagalis
1019 3066 1160 3129 octavus.

188 3179 190 3184 '
275 3173 340 3238 Sed
362 3174 535 3239 videndum
556 3174 651 3238 nobis
680 3177 740 3256 est,
773 3174 933 3257 quomodo
948 3153 1071 3256 'tropus
1099 3172 1166 3235 siva
1193 3169 1307 3235 modus
1334 3168 1456 3233 intelli-

188 3286 297 3367 gatur,
326 3286 434 3345 utrum
466 3281 590 3346 scilicet
616 3281 806 3366 simpliciter
836 3279 1032 3372 intendendo
1062 3267 1227 3362 diapente,
1257 3274 1455 3342 intendendo

187 3389 241 3483 vel
271 3389 465 3453 remittendo
482 3390 711 3480 diatessaron,
745 3389 799 3454 vel
829 3411 848 3452 a
876 3387 980 3471 prima
1011 3407 1090 3451 voce
1121 3385 1207 3478 idest
1236 3385 1276 3448 ab
1307 3384 1455 3449 inferiori

188 3519 295 3592 usque¹
313 3498 354 3561 ad
377 3497 575 3581 superiorem
598 3520 656 3581 per
679 3519 790 3562 omnes
812 3497 1021 3560 intermedias
1041 3495 1095 3558 vel
1118 3493 1182 3558 alio
1199 3493 1337 3578 quodam
1360 3493 1456 3557 modo

190 3604 232 3669 sit
271 3605 510 3688 procedendum
548 3605 583 3668 in
621 3608 730 3686 cantu,
772 3604 937 3689 quoniam,
976 3603 1059 3667 sicut
1097 3606 1234 3686 quatuor
1271 3601 1456 3666 differentes

188 3713 366 3796 posuimus,
391 3711 437 3776 ita
460 3713 494 3776 in
517 3717 613 3776 cantu
637 3712 852 3777 differentiam
874 3691 1016 3788 teneant,
1043 3690 1104 3774 erit
1125 3711 1268 3774 necesse.
1341 3715 1342 3720 ’

276 3819 423 3897 Qualitas
455 3820 540 3884 enim
569 3819 664 3884 unius
692 3819 727 3883 in
753 3819 884 3884 modum
912 3817 1068 3882 historiae
1098 3820 1187 3883 recto
1217 3815 1456 3899 tranquilloque

188 3926 293 3990 fertur
313 3927 349 3991 in
371 3950 474 3992 cursu.
513 3927 606 3992 Alter
626 3948 704 3991 vero
728 3925 926 3991 anfractibus
951 3930 983 3990 et
1005 3924 1350 4004 saltibus-concinitur,
1374 3921 1458 3986 alter

189 4034 347 4120 garrulus.
392 4035 485 4099 Alius
515 4039 624 4100 autem
653 4055 783 4099 severus
809 4033 845 4098 in
874 4031 1011 4098 sublime
1039 4053 1154 4097 vocem
1182 4030 1339 4096 extollens
1367 4029 1458 4096 audiss

191 4140 315 4204 entium
335 4142 459 4207 animos
476 4141 589 4226 elevat,
612 4142 695 4207 alter
710 4160 786 4206 vero
801 4141 945 4224 placidus
964 4140 1143 4234 laetitiam³
1159 4137 1304 4200 indicans
1320 4155 1454 4202 morum.

280 4352 288 4387 ¹
306 4351 319 4402 t
337 4351 365 4402 tr
384 4367 398 4402 r
449 4390 453 4400 .
1031 4383 1035 4391 ,

279 4437 290 4473 ²
310 4351 445 4491 danielli
460 4436 501 4490 ist
518 4435 535 4488 J
540 4437 682 4490 ohannes
702 4433 939 4490 Carthasinus.
971 4431 1042 4501 (Vgl.
1057 4429 1316 4497 Coussemakar,
1334 4429 1460 4498 Scripto-

189 4538 234 4575 res
253 4521 294 4576 IV
306 4521 384 4576 aare
402 4522 462 4576 und
479 4521 530 4575 349
540 4523 574 4588 b.)
730 4525 741 4562 ³
759 4520 908 4576 laetitiam.
1152 4590 1156 4596 .

279 4609 295 4642 *
312 4609 392 4663 Haec
411 4607 517 4678 opinio,
536 4608 607 4663 licet
623 4607 741 4664 veritati
759 4607 923 4674 adhaereat,
943 4605 1029 4660 facile
1047 4606 1147 4674 posset
1164 4596 1346 4694 impugnaris
