3734 5572
681 305 918 372 -107-

163 486 292 564 vestigia
319 487 391 544 haec
419 482 580 544 maluerint
610 485 721 545 imitari
749 505 841 561 quam
865 483 974 559 aliena,
1005 504 1060 546 cur
1088 504 1148 544 non
1177 485 1324 544 erubescis
1352 485 1431 546 hunc

163 590 299 650 ordinem
320 591 491 667 pervertere
518 590 549 648 et
579 589 633 647 tuo
660 590 821 666 supercilio
852 591 985 652 censorio
1000 584 1198 666 depravare?
1229 589 1275 648 Tu
1304 589 1433 648 sanctior
1497 583 1500 590 ’

162 695 263 754 forsan
286 693 509 770 elegantiorque
532 691 578 751 his
601 693 747 754 columnis
770 693 910 754 ecclesiae
933 697 985 753 aut
1007 688 1155 770 peritior?
1179 691 1239 752 Gur
1257 711 1318 752 non
1332 692 1432 769 potius

162 797 218 856 hos
239 799 347 873 patres,
372 795 397 856 si
419 815 479 854 non
499 796 546 856 vis
569 795 715 856 Guidonis
737 796 904 856 doctrinam
926 797 1094 874 complecti,
1107 790 1268 855 imitaris?
1293 796 1339 855 Tu
1362 815 1432 855 con-

161 895 275 972 tumax,
298 903 334 961 tu
356 918 497 978 arrogans
521 902 551 959 et
572 900 805 978 praevaricator,
834 904 870 962 ut
896 900 982 959 facile
1009 900 1045 960 ab
1073 899 1209 960 omnibus
1231 903 1330 976 potest
1352 919 1433 960 com-

161 1003 314 1080 prehendi.
352 1003 442 1063 Haud
456 1006 510 1062 tua
531 1005 651 1064 tantum
671 1004 840 1081 ignorantia
862 1007 907 1064 est
928 1004 1099 1064 insectanda
1120 1023 1210 1080 quam
1232 1004 1363 1080 pravitas
1385 1005 1431 1062 in·

162 1107 295 1167 dicanda.
340 1105 417 1166 Nam
445 1106 488 1184 pii
518 1107 654 1166 monachi
681 1107 828 1183 doctrina,
866 1127 942 1185 quae
964 1127 1018 1185 per
1038 1108 1211 1168 universum
1233 1125 1342 1183 sparsa,
1366 1109 1444 1167 tum.

162 1215 193 1270 et
215 1211 355 1271 ecclesiae
377 1210 599 1288 approbatione,
616 1214 682 1270 tum
697 1214 728 1270 et
742 1212 915 1272 notularum
929 1212 1098 1271 inventione
1121 1210 1250 1270 mirabili
1272 1209 1302 1268 in
1325 1229 1431 1276 aevum

162 1319 217 1375 tuo
245 1334 305 1374 uon
334 1315 469 1376 obstante
497 1314 592 1375 livore
622 1317 667 1376 est
694 1315 847 1375 duratura.
892 1315 986 1374 Tanta
1012 1318 1058 1374 est
1085 1314 1210 1374 dulcedo
1233 1313 1324 1390 illius,
1348 1317 1431 1375 tenta

165 1420 211 1478 est
232 1418 374 1494 facilitas,
403 1421 486 1478 tanta
508 1422 539 1478 et
560 1418 740 1497 ineruditae,
770 1421 807 1479 ut
828 1419 982 1478 hominum
1004 1419 1153 1478 mentibus
1176 1437 1192 1478 a
1214 1420 1321 1478 natura
1342 1417 1431 1484 insita

160 1519 307 1582 videatur.
354 1521 432 1592 Quid
454 1541 525 1599 ergo
548 1522 584 1582 de
607 1525 637 1581 te
661 1517 860 1582 concludam?
884 1523 1006 1586 Possem
1028 1521 1054 1580 si
1076 1521 1197 1597 quidem
1212 1524 1244 1581 et
1258 1521 1353 1608 multa
1375 1520 1432 1580 alia

163 1625 309 1686 adducere
338 1629 369 1684 et
396 1625 544 1702 refellere,
570 1645 645 1702 quae
667 1627 733 1686 loco
758 1629 789 1685 et
809 1629 944 1703 tempore
967 1645 1002 1686 ex
1023 1620 1156 1685 tractatu
1177 1628 1278 1685 nostro
1292 1624 1431 1684 'denuda-

162 1729 285 1792 buntur.
333 1727 364 1788 Si
385 1749 432 1790 me
454 1749 525 1790 sana
546 1734 644 1790 mente
666 1730 822 1806 percipies,
839 1748 959 1805 operam
982 1729 1134 1806 debiant,
1151 1748 1227 1806 quae
1250 1748 1284 1788 ex
1306 1733 1359 1788 tua
1381 1728 1431 1788 de-

163 1833 336 1909 pravatione
359 1837 429 1894 sunt
444 1833 540 1905 edita,
564 1834 697 1910 exempla
712 1834 811 1893 omnia
826 1834 874 1893 vel
890 1833 1103 1893 comburantur
1117 1834 1174 1908 vel,
1192 1833 1217 1892 si
1232 1833 1299 1908 quis
1313 1835 1431 1892 tantum

164 1935 297 1996 laborem
318 1937 396 1998 ferre
418 1937 522 2014 possit,
546 1936 747 2012 emendentur,
770 1955 805 1995 ne
821 1940 975 1996 tantorum
989 1941 1110 2023 patrum
1124 1936 1296 2020 huiusmodi
1310 1935 1430 2014 vigiliae

164 2058 217 2098 sua
248 2040 394 2118 dignitate
419 2060 474 2117 per
499 2043 588 2099 tuum
615 2059 746 2102 errorem
767 2037 962 2099 defraudatae
995 2040 1026 2098 in
1054 2043 1189 2116 posteros
1215 2043 1427 2117 propagentur.

161 2143 278 2204 Dabitis
304 2145 406 2219 itaque
435 2144 564 2220 veniam,
596 2143 801 2215 amantissimi,
830 2143 855 2204 si
876 2143 1033 2203 insolentia
1060 2142 1150 2202 huius
1175 2143 1246 2202 boni
1268 2143 1361 2219 patris
1382 2163 1429 2203 me

161 2247 286 2306 avobis
314 2246 484 2327 abduxerit,
513 2251 562 2325 ut,
592 2266 661 2307 cum
687 2247 725 2307 ad
751 2266 803 2307 vos
831 2247 1012 2324 scripserim,
1041 2247 1073 2305 in
1095 2247 1174 2307 hunc
1196 2249 1312 2307 tautum
1335 2265 1429 2306 unum

162 2349 342 2426 digressione
372 2351 499 2440 quadam
532 2370 649 2411 omnem
681 2352 774 2412 ferme
810 2351 987 2412 contulerim
1018 2349 1190 2410 orationem.
1235 2351 1271 2410 ln
1300 2370 1374 2428 qua,
1405 2351 1429 2410 si

162 2473 375 2530 nonnunquam
405 2455 442 2514 ad
470 2456 656 2515 stomachum
681 2455 791 2514 fuerim
816 2457 1011 2532 provocatus,
1041 2457 1136 2514 testor
1157 2455 1302 2514 virtutem
1324 2455 1427 2531 ipsam,

161 2576 208 2616 me
230 2557 262 2616 id
283 2558 364 2617 haud
385 2562 500 2636 sponte,
524 2559 574 2619 sed
596 2560 759 2620 necessario
783 2559 884 2637 egisse.

247 2679 309 2738 cup.
326 2663 366 2722 13
382 2661 441 2737 (fol.
458 2664 496 2722 15
510 2661 557 2741 a).
603 2663 706 2724 Movet
727 2682 774 2722 mo
795 2681 883 2740 nunc,
909 2663 1110 2739 amantissimi,
1136 2664 1166 2720 et
1187 2661 1225 2720 ad
1245 2659 1337 2720 bilem
1358 2681 1429 2737 pro-

164 2768 254 2824 vocat
275 2766 357 2826 illius
379 2766 506 2843 Hispani
528 2766 651 2827 fatuitas
679 2771 709 2828 et
734 2767 905 2845 insolentia,
930 2766 986 2842 qni.
1005 2767 1078 2826 totis
1099 2765 1212 2842 ingenii
1233 2765 1347 2824 viribus
1370 2765 1430 2826 cla-

161 2869 306 2928 rissimam
324 2870 417 2930 huius
439 2871 667 2947 praeclarissimi
689 2871 747 2931 viri
762 2871 929 2930 doctrinam
947 2865 1429 2948 [sel.s01misati0nomcuid0nis]

163 2976 285 3034 conatus
313 2977 359 3033 est
387 2974 590 3036 adumbrare¹.
638 2973 729 3036 Sileat
755 2975 851 3052 igitur
878 2978 909 3034 et
942 2973 1141 3050 obmutescat,
1176 2991 1245 3030 nam
1276 2972 1428 3032 helleboro

160 3077 277 3155 ugnus.

201 3239 204 3242 .
248 3199 310 3256 cap.
327 3181 364 3238 14
380 3179 440 3258 (fol.
456 3182 493 3240 17
506 3177 554 3261 a).
600 3179 702 3241 Haeo2
724 3181 819 3260 igitur
834 3181 914 3242 dicta
928 3181 988 3240 sint
1007 3183 1131 3256 propter
1145 3180 1286 3241 insensati
1300 3179 1429 3242 hominis
1531 3253 1533 3257 ι

162 3285 368 3362 arrogantiam,
397 3285 449 3360 qui
472 3303 562 3344 ausus
584 3286 616 3344 in
639 3285 812 3363 compendio
837 3285 1017 3345 confirsionis
1039 3303 1109 3344 suae
1131 3303 1324 3362 prorumpere
1348 3283 1428 3360 quod

166 3387 300 3447 doctrina
323 3387 506 3469 Gregorii,
530 3389 716 3449 Ambrosii
738 3392 769 3448 et
790 3389 990 3466 Augustini
1012 3391 1102 3465 atque
1126 3388 1306 3448 Guidonis
1329 3391 1360 3448 et
1382 3407 1428 3446 se-

165 3491 302 3566 quacium
331 3491 523 3567 reputabitur
552 3484 713 3569 tamquam
736 3493 783 3550 lex
812 3494 992 3570 scripturae,
1021 3511 1098 3568 quae
1120 3511 1179 3552 non
1202 3491 1338 3551 omnibus
1361 3491 1429 3552 data

164 3595 230 3671 fuit,
255 3613 308 3654 sua
336 3613 408 3655 vero
438 3596 584 3655 catholica
610 3596 672 3655 sive
694 3595 869 3656 universalis
891 3596 1114 3671 nuncupabitur
1136 3596 1214 3655 sicut
1234 3596 1284 3654 lex
1305 3597 1427 3674 gratiae,

163 3716 237 3774 quae
259 3699 357 3775 legem
379 3699 544 3775 scripturae
567 3699 599 3758 in
621 3717 651 3758 se
674 3699 814 3776 continet,
838 3701 989 3774 tamquam
1006 3718 1122 3758 omnem
1139 3698 1317 3776 cognitionis
1332 3701 1429 3777 pleni-

162 3801 297 3861 tudinem
315 3801 481 3862 habuerit3.
528 3801 685 3880 Oondoleo,
710 3805 810 3879 patres
832 3821 866 3862 ac
888 3802 994 3862 fratres
1015 3802 1181 3879 venerandi,
1206 3803 1242 3863 de
1263 3803 1353 3863 huius
1375 3804 1429 3862 ho·
1497 3838 1499 3842 ·

161 3904 326 3966 mancionis
347 3906 535 3966 insulsissimi
558 3906 755 3966 ostentatione
784 3908 814 3965 et
844 3905 1012 3984 arrogantia
1043 3907 1161 3966 omnino
1184 3906 1350 3982 deridenda,
1376 3907 1428 3982 qui

161 4007 258 4066 veluti
279 4009 394 4068 stercus
416 4011 447 4068 in
468 4011 630 4087 Hispaniae
649 4010 757 4069 finibus
779 4009 854 4070 velit
875 4011 922 4069 his
937 4010 1128 4071 sanctissimis
1143 4010 1279 4087 patribus
1294 4009 1429 4070 doctrina

248 4232 340 4302 1Vgl.
360 4232 386 4286 S.
400 4235 440 4300 11,
460 4235 501 4303 19,
520 4235 561 4303 31,
580 4235 659 4288 4011.
678 4235 719 4289 99.

247 4320 258 4357 2
276 4318 313 4372 Er
328 4319 381 4373 hat
397 4320 499 4375 vorher
511 4321 633 4391 gezeigt,
653 4320 710 4375 dass
728 4338 783 4375 nur
800 4320 952 4376 innerhalb
971 4339 1027 4376 von
1045 4321 1173 4376 6Tdnen
1192 4321 1239 4376 die
1252 4323 1313 4378 drei
1327 4322 1427 4388 Quart·

161 4407 322 4475 gattungen
339 4422 402 4458 zum
415 4405 567 4461 Ausdruek
584 4406 717 4462 kommen
738 4407 796 4461 und
816 4407 872 4462 dass
891 4425 942 4465 aue
962 4407 1070 4463 diesem
1088 4407 1204 4462 Grunde
1223 4409 1277 4462 wie
1294 4408 1345 4464 der
1360 4408 1426 4464 Par-

161 4491 273 4551 fektiou
293 4492 343 4546 der
362 4490 515 4546 Sechszahl
535 4509 637 4563 wegen·
654 4493 762 4549 Guido
781 4493 835 4548 mit
852 4493 946 4549 Recht
963 4495 980 4547 6
999 4493 1098 4550 Silben
1116 4495 1227 4564 gesetzt
1244 4493 1334 4548 hatte.

246 4580 257 4618 ³
276 4577 360 4633 Siehe
380 4577 407 4632 S.
419 4578 461 4631 19.
