3734 5572
939 328 1150 392 -72-.

413 507 457 581 ut,
483 502 510 567 si
532 507 628 569 tonus
652 504 719 568 sive
735 503 849 567 modus
873 500 915 566 sit
930 500 1035 584 primi,
1060 500 1289 586 consonantiae
1306 499 1469 584 perfectae
1485 498 1526 572 in
1541 499 1570 580 d,
1595 499 1629 562 in
1649 499 1679 580 lr,

413 610 696 696 tfrequententur,
711 611 913 696 ,quandoque
937 613 1046 674 autem
1066 608 1101 672 in
1123 609 1145 692 s
1161 607 1214 673 vel
1235 609 1270 673 in
1285 629 1312 688 o,
1335 629 1408 673 raro
1431 607 1465 673 in
1485 605 1574 691 pret
1595 607 1629 670 in
1651 608 1679 689 lc,

413 741 589 804 numquam
617 723 727 797 tamen
754 719 788 783 in
815 740 831 782 e
856 717 909 782 vel
931 718 965 782 in
987 711 1002 796 l
1023 717 1153 801 quadro.
1199 717 1270 782 Hoc
1292 720 1402 781 tamen
1425 719 1475 780 est
1496 713 1681 800 intelligen-

414 826 490 890 dum
513 849 585 892 cum
609 827 825 910 distinctione,
850 826 1003 910 quoniam
1026 825 1106 888 alias
1121 825 1316 909 ubicumque
1338 828 1474 908 possunt
1495 823 1575 888 fieri.
1606 821 1681 886 Ser·

413 943 467 1000 vet
490 935 588 1000 etiam
617 935 808 1021 organizans
834 937 1009 1017 pneumata
1035 937 1210 1017 troporum,
1243 937 1279 998 ut
1300 936 1476 1016 pneumata
1501 930 1682 1014 pneumati·

414 1041 473 1106 bus
505 1043 785 1127 correspondeant.
836 1041 920 1105 Nam
954 1041 982 1106 si
1011 1045 1187 1126 pneumata
1215 1041 1337 1105 tenoris
1365 1039 1487 1106 fuerint
1513 1039 1618 1122 primi,
1649 1043 1683 1102 et

415 1150 634 1236 organizantis
658 1154 759 1233 erunt,
785 1155 829 1234 ut,
855 1149 882 1214 si
904 1149 1178 1233 tenorsdedp
1200 1149 1293 1232 dep
1315 1149 1413 1232 esd,
1438 1164 1595 1234 organum
1616 1167 1682 1210 non

414 1247 1195 1341 faciatbbmtbqtltbl*sedpotius
1225 1255 1680 1336 tlmtlamlrnlrl,

414 1367 568 1449 quoniam
598 1363 703 1449 prima
733 1364 934 1451 organizatio
969 1370 1019 1430 est
1038 1364 1184 1452 phrygii,
1214 1365 1355 1429 secunda
1383 1385 1459 1428 vero
1490 1362 1579 1428 dorii.
1631 1361 1681 1426 Ne

415 1472 485 1556 quis
502 1472 652 1537 arbitrari
667 1473 771 1556 possit
791 1473 855 1538 ista
869 1495 969 1556 parva
989 1473 1140 1557 exempla
1161 1495 1227 1538 non
1250 1472 1396 1537 sufficere
1421 1472 1461 1536 ad
1480 1475 1584 1536 totam
1606 1470 1683 1534 doc-

412 1580 531 1645 trinam
554 1581 794 1666 capessendam,
819 1581 879 1645 sub
904 1586 937 1645 et
950 1603 1048 1664 supra
1069 1603 1128 1665 per
1149 1585 1253 1645 totam
1268 1603 1400 1646 manum
1423 1581 1534 1644 damus
1552 1579 1598 1643 eis
1613 1600 1682 1642 mo-

415 1671 490 1752 dum
513 1689 724 1771 subtiliorem,
756 1693 793 1753 ut
821 1711 880 1772 per
907 1689 1010 1752 lineas
1040 1693 1073 1752 et
1103 1689 1207 1772 spatia
1229 1689 1293 1754 ista
1321 1689 1493 1772 disponant
1525 1685 1680 1770 exempla.

413 1797 538 1862 Deinde
560 1797 656 1879 idem,
683 1797 768 1881 quod
790 1795 854 1861 fuit
877 1796 968 1872 dorii,
992 1801 1132 1880 ponatur
1152 1797 1186 1860 in
1208 1796 1347 1882 phrygio
1371 1797 1459 1861 etin
1481 1795 1569 1879 lydio
1593 1798 1626 1858 et
1647 1795 1682 1858 in

412 1904 603 1988 mixolydi03
632 1909 665 1969 et
687 1905 726 1968 de
750 1905 816 1968 suis
839 1903 1023 1990 plagalibus
1047 1904 1197 1970 similiter
1218 1904 1283 1969 fiat.
1329 1905 1372 1969 Et
1401 1904 1528 1989 quando
1558 1901 1681 1986 speeies

413 2012 520 2096 aliqua
550 2013 670 2077 bonam
698 2013 943 2078 consonantiam
971 2034 1037 2078 non
1066 2011 1189 2094 fecerit,
1222 2013 1378 2077 elevetur
1394 2034 1453 2096 per
1475 2013 1604 2097 signum
1627 2014 1683 2074 aut

414 2121 619 2204 deprimatur,
649 2125 686 2184 ut
716 2121 927 2186 consonantia
954 2121 1059 2204 prima
1092 2125 1195 2186 totam
1225 2121 1275 2185 sui
1302 2120 1440 2204 recipiat
1468 2119 1682 2204 quantitatem

413 2234 469 2294 aut
501 2229 651 2306 dimittat,
683 2230 710 2293 si
741 2229 818 2313 quid
848 2229 1044 2313 superfluum
1074 2228 1183 2294 babet.
1235 2228 1280 2293 Ut
1310 2233 1420 2293 autem
1450 2229 1567 2310 omnia,
1599 2248 1680 2310 quae
1720 2211 1730 2236 '

414 2337 500 2403 dicta
524 2333 608 2419 sunt,
632 2335 760 2402 facilius
782 2341 963 2419 teneantur,
989 2341 1063 2401 ante
1088 2337 1197 2402 oculos
1220 2336 1411 2401 subiiciatur
1434 2335 1629 2419 exemplum:

413 2467 570 2530 organum
599 2437 1196 2524 rectractareratrr
1227 2434 1648 2528 antecaperet

477 2551 1655 2637 tenorddadsesdcdedfpspbybbdsefped

501 2665 572 2748 (pag.
587 2668 629 2746 59)
652 2662 771 2747 Liquet
792 2663 843 2727 bis
866 2664 978 2747 paucis
1002 2665 1156 2748 exemplis
1179 2665 1364 2749 praemissis
1388 2668 1458 2729 tota
1482 2686 1533 2728 ars
1557 2667 1682 2727 contra-

413 2771 524 2854 puncti
547 2770 695 2836 concludi
717 2794 776 2855 per
798 2771 1011 2837 variationem
1035 2773 1255 2856 exemplorum
1277 2795 1337 2856 per
1358 2772 1484 2836 diversa
1506 2771 1594 2851 loca;
1625 2792 1684 2854 per

413 2878 522 2942 fictam
544 2883 802 2964 porrectamque
818 2880 975 2945 musicam
991 2882 1103 2946 eadem
1125 2883 1250 2945 variata
1265 2881 1374 2964 sicque
1397 2902 1456 2964 per
1474 2880 1561 2944 idem
1577 2901 1683 2943 exem-

413 2987 503 3070 plum
525 2988 560 3051 in
575 2987 710 3052 diversis
733 2989 835 3072 tropis
851 3010 950 3072 parva
972 2987 1059 3054 facta
1077 2990 1258 3054 mutatione
1273 2989 1424 3053 nimietas
1447 2987 1536 3052 varia
1558 2987 1680 3051 crescit.

205 3120 209 3132 ·
301 3156 304 3164 ,
417 3094 511 3173 Quod
533 3096 561 3160 si
584 3118 683 3160 unum
704 3119 845 3178 pneuma
867 3101 917 3161 tot
932 3097 1035 3162 modis
1051 3097 1202 3175 variatur,
1221 3083 1263 3161 'ut
1279 3097 1400 3162 dictum
1422 3095 1492 3178 fuit,
1517 3097 1552 3160 in
1570 3096 1682 3179 tropis,

416 3207 537 3286 quanto
569 3205 674 3289 magis
702 3225 775 3268 cum
804 3204 1024 3269 consonantiis
1052 3205 1186 3270 diversis
1213 3205 1399 3270 variabitur.
1445 3204 1488 3268 Et
1516 3204 1562 3268 sic
1591 3225 1684 3286 prae-

414 3311 500 3375 dicta
521 3310 556 3374 in
577 3309 639 3374 hac
661 3314 754 3393 parte
771 3311 964 3377 sufficerent.
1012 3312 1076 3377 Sed
1100 3335 1172 3377 cum
1194 3317 1245 3379 tot
1272 3317 1305 3377 et
1327 3316 1418 3377 tanta
1445 3333 1684 3396 supervacanea

412 3417 625 3500 incommoda,
653 3419 792 3502 inutilia,
821 3419 947 3502 prolixa
970 3426 1066 3505 atque
1090 3421 1251 3504 superflua
1276 3420 1312 3484 in
1332 3419 1437 3503 prima
1459 3423 1551 3502 parte
1580 3423 1684 3482 artem

414 3523 607 3589 (luidonis
635 3527 776 3590 musicae
803 3527 956 3592 tribuisse
978 3532 1193 3593 monstratum
1224 3528 1274 3606 sit,
1305 3549 1459 3612 sequaces
1490 3526 1557 3590 eius
1587 3547 1683 3590 caeco

372 3693 373 3696 ,
415 3633 533 3697 ducatu
555 3633 782 3717 claudicantes,
813 3635 946 3699 subtilia
974 3657 1009 3700 se
1032 3636 1200 3701 credentes
1222 3635 1436 3722 investigasse
1458 3635 1579 3719 peiora,
1608 3654 1683 3718 pro-

414 3739 540 3822 lixiora,
562 3740 728 3807 inutiliora
751 3741 942 3807 tribuerunt.

503 3847 563 3912 Est
586 3852 703 3932 autem,
727 3855 764 3913 ut
785 3849 850 3933 ipsi
873 3851 996 3924 dicunt;
1027 3850 1082 3936 qui
1105 3856 1372 3935 contrapunctare
1394 3855 1554 3936 procurat,
1585 3848 1684 3914 hexa-

414 3953 569 4019 chordum
596 3977 662 4021 non
694 3961 787 4022 exeat
815 3962 912 4023 cantu
933 3959 1031 4043 plano
1063 3981 1160 4043 supra
1187 3959 1239 4024 vel
1266 3960 1377 4024 subter
1398 3959 1567 4044 psallente,
1599 3957 1684 4042 quod

416 4063 527 4127 dicunt
548 4063 610 4148 ipsi
633 4085 771 4150 gamma,
800 4064 862 4130 hoc
886 4065 1045 4150 estquod
1075 4071 1144 4133 tota
1167 4089 1281 4132 marrus
1303 4067 1434 4131 illorum
1456 4088 1585 4152 gamma
1615 4069 1684 4129 ete

501 4351 510 4386 1
528 4349 566 4404 b⁰.

502 4435 591 4490 *Hic
613 4437 776 4492 litterarum
801 4454 951 4508 processus
977 4438 1227 4493 consonantiarum
1252 4438 1351 4508 potius
1378 4441 1509 4493 cantores
1535 4437 1686 4493 confundit

413 4535 501 4585 quam
519 4520 646 4578 instruit.
684 4523 786 4580 Sanior
804 4524 921 4592 quidem
939 4527 969 4579 et
985 4528 1127 4595 perceptu
1145 4523 1258 4580 facilior
1276 4528 1321 4580 est
1338 4524 1502 4594 progressio
1521 4522 1684 4594 guidonicis

282 4625 283 4628 ¹
411 4603 649 4663 institutionibus
668 4608 793 4664 deducta
811 4613 841 4664 et
859 4611 1075 4665 numerositatis
1095 4628 1237 4666 consonae
1256 4610 1403 4666 vocabulis
1423 4610 1614 4666 denominata.
