3742 5528
169 517 348 599 reddemus,
367 537 463 599 quam
474 535 540 579 non
551 514 678 580 modico
689 513 801 578 labore
814 534 910 578 nemo
925 535 985 578 nos
1001 513 1103 578 arbit·
1207 527 1226 558 0

170 628 260 689 retur
286 623 460 707 invenisse,
492 622 610 708 quippe
639 623 694 707 qui
724 620 813 688 illam
844 620 955 685 multis
982 619 1104 707 vigiliis
1207 601 1226 665 9¹

168 732 373 816 antiquorum
399 735 573 816 praecepta
597 729 783 795 lectitantes
812 734 845 795 et
865 729 1103 795 neotericorum
1208 775 1227 806 ω

169 839 311 904 vitantes
336 860 478 903 errorem
501 860 574 904 cum
597 839 713 903 sudore
729 836 939 921 repperimus.
974 837 1017 902 Et
1033 860 1104 902 eam
1208 833 1277 904 33

170 946 308 1032 quilibet
331 946 385 1010 vix
406 945 481 1010 dum
498 947 596 1011 etiam
611 945 819 1010 mediocriter
842 945 986 1010 eruditus
1008 945 1103 1011 facile
1208 949 1226 1028 Τ

171 1046 357 1140 intelligere
380 1053 509 1137 poterit.

259 1161 412 1228 Sumatur
439 1161 550 1246 itaque
579 1161 720 1226 cuiusvis
747 1159 960 1247 longitudinis
987 1183 1104 1226 nervus

173 1270 241 1335 sive
258 1269 387 1352 chorda,
405 1291 486 1353 quae
502 1290 599 1354 super
612 1268 738 1355 lignum
754 1267 876 1355 aliquid
890 1269 1014 1334 habens
1030 1291 1106 1335 con-

172 1375 320 1442 cavitatis
352 1376 558 1458 extendatur3
591 1377 682 1442 locus
711 1381 818 1442 autem
850 1367 1023 1461 extremus,
1054 1377 1105 1442 cui
1159 1440 1160 1447 ,

173 1506 289 1550 nervus
314 1483 474 1569 alligatur,
498 1488 617 1568 puncto
637 1505 659 1548 a
681 1485 835 1571 signetur.
874 1484 966 1550 Alius
980 1484 1104 1549 locuse

170 1591 304 1679 regione
333 1591 447 1677 procul
479 1593 617 1677 positus,
655 1614 718 1677 quo
752 1614 869 1657 nervus
899 1591 1039 1658 trahitur
1074 1597 1106 1658 et

169 1704 348 1784 torquetur,
365 1704 486 1784 puncto
502 1721 522 1784 q
536 1701 689 1784 signetur.
726 1699 896 1778 Quantitas
916 1705 1024 1765 autem
1040 1722 1059 1784 q
1074 1721 1104 1783 a,

170 1808 255 1872 idest
276 1807 378 1872 totius
398 1807 537 1873 chordae
552 1807 732 1894 longitudo,
755 1807 790 1873 in
806 1808 884 1873 duas
899 1813 1008 1893 partes
1024 1807 1105 1872 divi-

171 1916 265 1981 datur
277 1915 427 2000 aequales
441 1919 473 1980 et
486 1938 608 2000 aequae
625 1916 798 1981 distantiae
811 1919 948 2000 punctus
964 1914 1104 1980 blittero

169 2027 309 2089 notetur.
360 2023 552 2088 Dividemus
578 2022 697 2088 iterum
723 2046 782 2107 per
808 2022 950 2086 medium
978 2022 1105 2107 quanti-

169 2135 272 2195 tatem
295 2129 434 2196 chordae
464 2132 528 2194 ba
552 2135 584 2195 et
606 2131 640 2195 iu
666 2131 773 2195 medio
797 2129 963 2194 divisionis
986 2131 1008 2193 d
1029 2150 1105 2194 con-

170 2239 350 2303 stituemus.
398 2237 571 2314 Quantitas
593 2239 615 2301 b
636 2239 658 2301 d
678 2239 796 2303 iterato
820 2237 983 2302 secabitur
1011 2241 1043 2302 et
1070 2238 1105 2301 in
1159 2282 1160 2289 .

170 2345 324 2410 sectionis
347 2344 455 2410 medio
478 2346 500 2429 f
524 2345 744 2411 collocabitur.
791 2345 882 2409 Idem
911 2367 1038 2429 quoque
1065 2345 1104 2409 de

171 2453 235 2517 alia
254 2451 393 2517 chordae
413 2452 588 2538 medietate
609 2453 793 2518 faciendum
811 2451 960 2538 intellige
981 2451 1106 2517 scilicet

169 2562 242 2644 tq,
278 2561 430 2645 quoniam
459 2562 493 2625 in
523 2561 628 2645 prima
658 2561 815 2625 divisione
844 2560 916 2625 loco
949 2559 1056 2624 medio
1078 2581 1105 2644 p

169 2667 376 2754 figurabitur3
402 2669 487 2732 etin
503 2669 659 2734 divisione
683 2670 740 2752 hp
760 2665 940 2752 aequaliter
959 2667 999 2732 ab
1017 2670 1104 2731 utra-

171 2797 233 2858 que
250 2775 372 2840 distans
387 2780 528 2859 ponatur
546 2775 657 2840 littera
678 2778 689 2840 l
711 2780 744 2840 et
757 2775 870 2841 interl
893 2779 961 2859 etp
977 2778 1104 2839 servata

171 2883 285 2947 eadem
298 2882 543 2948 intervallorum
558 2883 672 2970 regula
691 2904 716 2947 ra
733 2884 936 2948 immittatur.
981 2880 1104 2960 Quodsi

170 2990 191 3074 f
201 3011 225 3052 re
240 3012 299 3074 per
314 2990 455 3054 medium
472 2990 684 3074 diviserimus,
696 2990 849 3056 “litteram
865 2990 1102 3075 isignabimus

170 3098 233 3161 Per
260 3095 344 3162 hanc
373 3102 482 3163 autem
510 3099 650 3163 mediam
678 3098 869 3164 divisionem
884 3097 1034 3181 ,ulterius
1064 3099 1104 3162 ad

170 3209 279 3289 partes
302 3205 502 3289 minutiores,
527 3228 693 3291 quousque
717 3206 797 3272 alias
820 3206 995 3271 divisiones
1018 3204 1105 3270 fece-

170 3313 279 3396 rimus,
304 3335 370 3377 non
393 3314 609 3379 deveniemus.
656 3313 721 3380 Sed
742 3318 847 3379 totum
874 3335 895 3378 a
917 3335 949 3397 q·
957 3335 1017 3398 per
1042 3312 1105 3378 tria

173 3421 352 3486 dividemus
370 3425 402 3486 et
418 3443 437 3484 a
450 3420 560 3486 littera
576 3444 594 3505 q
609 3426 831 3486 mensurantes
848 3422 883 3485 in
898 3420 961 3486 fine
978 3420 1104 3485 trientis

171 3533 311 3613 ponetur
335 3549 371 3591 m
398 3532 431 3593 et
455 3528 490 3592 in
517 3529 612 3594 besse
639 3552 662 3593 e.
717 3528 844 3593 Deinde
870 3552 886 3594 e
913 3552 932 3614 q
958 3552 1016 3613 per
1042 3530 1105 3593 tria

171 3637 289 3701 iterum
313 3634 474 3701 dividatur
498 3641 530 3701 et
553 3661 572 3701 a
593 3638 703 3702 littera
725 3658 744 3720 q
766 3658 877 3702 versus
900 3639 1105 3702 evenientes

170 3745 205 3807 in
231 3744 327 3808 besse
350 3742 478 3828 signum
505 3737 524 3824 t
548 3745 704 3828 quadrum
732 3744 911 3830 configetur
934 3748 1004 3826 (pag.
1023 3749 1048 3827 5)
1073 3748 1105 3809 et

173 3850 355 3934 quant'tate
378 3846 395 3932 d
414 3850 526 3933 quadri
550 3855 616 3935 etq
637 3851 798 3935 duplicata
813 3853 959 3938 signetur
974 3853 1000 3916 t.
1041 3851 1106 3916 Sed

171 3960 290 4025 iterum
316 3979 351 4022 m
378 3960 399 4022 h
428 3981 487 4042 per
516 3961 659 4024 medium
690 3960 869 4025 secabimus
902 3965 934 4024 et
964 3960 1105 4025 medium

172 4064 325 4129 sectionis
352 4072 507 4150 punctum
533 4069 552 4132 t
577 4067 687 4132 littera
710 4067 935 4133 colorabimus.
982 4067 1105 4145 Quodsi

72 4159 76 4179 ’
172 4171 388 4255 quantitatem
407 4177 427 4238 t
448 4173 690 4258 qduplioemus,
714 4175 748 4238 in
767 4174 831 4240 fine
848 4176 1106 4260 duplicationisc

171 4301 343 4365 ponemus;
379 4283 436 4346 sed
462 4283 547 4346 inter
573 4304 588 4346 e
622 4286 654 4346 et
680 4285 697 4359 t*
727 4284 881 4366 quadrum
916 4282 1105 4368 aequalibus

174 4387 336 4472 utrimque
360 4389 473 4474 spatiis
493 4410 514 4472 y
536 4390 681 4456 situatur.
722 4390 757 4455 Si
780 4397 889 4456 autem
908 4414 963 4476 qq
984 4391 1019 4456 in
1042 4391 1105 4456 duo

172 4495 321 4579 aequalia
331 4497 518 4580 partiamur,
535 4498 673 4564 alittera
685 4499 868 4586 signabitur
879 4501 988 4584 sicque
999 4504 1105 4564 totum

171 4604 426 4669 monochordum
440 4604 587 4691 legitima
601 4607 775 4690 partitione
791 4608 930 4672 divisum
946 4611 1004 4690 est,
1020 4607 1105 4671 utin

172 4711 318 4778 subiecta
339 4712 443 4798 figura
466 4717 633 4798 cognoscis
659 4715 772 4801 {figura
788 4716 830 4800 1].

1333 4871 1411 4908 α,-

1157 4924 1295 4992 Ligatura
1309 4923 1432 4979 chordae
