3734 5572
955 330 1168 394 ,80-

545 537 547 546 ‚
603 565 606 570 ’
682 619 720 627 1·
776 532 1334 690 Υ(30011010010001101101οζ

317 767 319 774 ¹
555 778 601 851 ln
629 804 703 874 quo
732 777 1253 874 018110Ῑο010001000100111
1283 778 1572 874 distinguuntur.
1632 777 1637 783 ’

427 948 509 1084 ΑΒ
533 969 642 1012 veram
664 947 764 1032 igitur
786 947 922 1011 istorum
944 942 1151 1011 numerorum
1174 946 1394 1030 cognitionem
1415 946 1573 1029 quaedam
1592 946 1697 1030 signa,

503 1079 583 1141 quae
619 1057 660 1120 ab
698 1053 838 1138 antiquis
877 1077 917 1118 ex
953 1053 1158 1139 geometricis
1196 1053 1307 1139 figuris
1345 1053 1476 1117 fuerunt
1513 1052 1697 1131 adinventa,

430 1165 638 1230 declaremus.
691 1163 817 1228 Deinde
855 1162 928 1240 alia,
967 1184 1048 1246 quae
1085 1162 1241 1226 neoterici
1279 1168 1415 1245 ponunt,
1455 1161 1697 1247 subiungemus.

430 1272 677 1358 Quadrangulus
694 1294 766 1336 cum
782 1271 886 1335 tribus
901 1269 1058 1334 tractibus
1073 1269 1135 1335 hoc
1157 1271 1254 1335 modo
1278 1268 1344 1359 Ἦ
1365 1291 1423 1354 010
1438 1271 1534 1335 modo
1551 1269 1698 1352 perfecto

428 1382 610 1466 ponebatur
633 1384 665 1444 et
688 1401 759 1444 cum
783 1379 907 1444 duobus
931 1377 976 1442 sic
1000 1375 1057 1466 [Π
1080 1399 1139 1460 010
1154 1377 1354 1462 imperfecto.
1394 1377 1458 1442 Sed
1477 1399 1535 1461 pro
1550 1381 1698 1460 tempore

430 1513 501 1555 cum
523 1487 704 1573 prolatione
727 1486 880 1571 perfectis
909 1487 1090 1570 ponebatur
1118 1485 1256 1550 circulus
1283 1508 1356 1550 curn
1382 1485 1487 1550 tribus
1513 1486 1639 1570 punctis
1660 1486 1700 1548 in

427 1597 535 1662 medic
558 1597 661 1672 01οΘ
685 1599 717 1660 et
739 1617 797 1678 pro
820 1593 1019 1678 imperfectis
1042 1593 1260 1658 semicirculus
1277 1616 1350 1658 cum
1367 1594 1490 1659 duobus
1513 1594 1639 1676 punctis
1662 1593 1699 1656 in

428 1706 535 1770 medio
558 1704 605 1768 sic
627 1707 671 1779 G.
718 1701 812 1779 Quod
835 1703 862 1766 si
879 1701 1097 1766 semicirculus
1120 1724 1192 1766 cum
1207 1703 1312 1766 tribus
1336 1703 1381 1766 sic
1403 1715 1451 1786 Q,
1476 1707 1603 1784 tempus
1627 1705 1699 1765 erat

429 1812 654 1897 imperfectum
689 1815 721 1874 et
754 1810 894 1894 prolatio
923 1809 1076 1892 perfecta.
1140 1809 1204 1874 Sed
1238 1810 1265 1874 si
1300 1809 1436 1875 circulus
1467 1832 1539 1874 cum
1572 1809 1697 1874 duobus

428 1922 561 2005 ponitur
583 1920 629 1983 sic
657 1925 704 1998 (D,
728 1922 855 2002 tempus
878 1917 1057 2000 perfectum
1078 1922 1110 1982 et
1129 1909 1268 2000 prolatio
1284 1917 1474 2002 imperfecta
1496 1918 1696 1982 credebatur.

515 2044 581 2109 Alii
604 2066 680 2108 vero
702 2043 886 2128 figurabant
907 2044 1061 2107 ludorum
1083 2043 1194 2128 figuris
1218 2043 1279 2108 hcc
1301 2044 1398 2107 modo
1416 2026 1430 2120 ἓ
1449 2025 1464 2120 Ξ
1482 2025 1497 2120 ξ
1514 2025 1540 2122 Ξ,
1564 2042 1699 2106 inferior

430 2153 587 2217 denotans
610 2156 746 2236 tempus,
772 2151 919 2234 superior
941 2173 1017 2216 vero
1041 2151 1264 2233 prolationem.
1311 2151 1422 2214 Nostri
1451 2172 1527 2216 vero
1555 2153 1698 2215 coutem-

429 2259 563 2345 poranei
585 2261 704 2344 partim
726 2260 932 2345 geometricis
952 2259 1070 2342 partim
1092 2260 1246 2323 Indorum
1261 2263 1395 2323 utuntur
1409 2258 1535 2344 figuris,
1559 2280 1697 2342 namque

429 2391 528 2432 unum
544 2368 631 2433 modi
648 2390 720 2432 cum
734 2371 880 2450 tempore
895 2372 1029 2450 ponunt,
1055 2367 1141 2431 aliud
1156 2389 1232 2432 vero
1248 2366 1403 2450 temporis
1419 2389 1492 2431 cum
1506 2366 1695 2450 prolatione,

429 2480 601 2559 utrumque
617 2497 693 2540 vero
715 2474 966 2559 quadrupliciter
980 2475 1109 2539 factum.
1142 2475 1229 2540 Modi
1245 2497 1318 2539 cum
1333 2480 1478 2558 tempore
1495 2475 1540 2538 sic
1559 2473 1618 2542 05
1637 2471 1697 2540 (35

432 2581 491 2650 02
517 2583 590 2662 CZ,
619 2584 677 2647 sed
703 2583 858 2667 temporis
889 2605 961 2647 cum
990 2582 1172 2666 prolatione
1200 2582 1261 2648 hoc
1284 2584 1380 2647 modo
1406 2589 1433 2646 Θ
1454 2589 1481 2645 C
1503 2587 1531 2645 O
1553 2588 1591 2645 C.
1637 2582 1698 2645 Hic

430 2691 545 2755 modus
568 2691 717 2776 signandi
750 2689 811 2754 hac
844 2690 969 2755 ratione
1004 2695 1186 2774 compertus
1222 2695 1279 2772 est,
1316 2690 1391 2774 quia
1424 2690 1560 2754 circulus
1597 2689 1699 2774 figura

431 2797 576 2881 perfecta
598 2798 776 2882 perfectam
801 2800 934 2862 denotat
956 2798 1105 2882 speciem.
1153 2798 1218 2862 Sed
1240 2820 1313 2862 cum
1337 2798 1418 2862 duae
1442 2797 1552 2862 circuli
1574 2802 1699 2861 tantum

431 2909 540 2989 partes
563 2910 735 2990 ponuntur,
762 2908 840 2970 duas
863 2906 951 2970 illius
979 2906 1098 2990 speciei
1126 2910 1235 2990 partes
1266 2907 1384 2970 amissa
1410 2906 1508 2970 tertia
1535 2907 1697 2970 denotant.

432 3015 482 3079 De
509 3015 571 3080 hoc
600 3036 676 3079 vero
706 3014 799 3100 signo
823 3013 846 3083 5
874 3014 928 3078 vel
956 3014 994 3078 de
1023 3013 1132 3082 isto2
1162 3036 1227 3078 000
1257 3019 1305 3078 est
1329 3013 1537 3099 ambiguitas:
1560 3013 1699 3097 primum

433 3145 501 3188 esse
524 3123 712 3206 perfectum,
731 3123 907 3187 secuudum
922 3144 998 3186 vero
1014 3121 1248 3205 imperfectum.
1294 3121 1452 3204 inprime
1469 3121 1589 3185 etenim
1606 3123 1698 3206 signo

434 3231 668 3316 quadripartito
692 3229 830 3295 circulus
855 3234 910 3293 aut
933 3229 1152 3320 semicirculus
1175 3230 1306 3293 modum
1335 3231 1510 3316 ostendunt
1531 3229 1696 3311 minorem,

432 3336 581 3406 5aut2
610 3340 774 3423 tempus*.
822 3337 960 3403 Subtilis
990 3337 1091 3424 igitur
1117 3338 1220 3401 lector
1247 3359 1305 3421 per
1338 3360 1384 3419 ea,
1414 3359 1495 3421 quae
1522 3336 1697 3420 posuimus,

431 3447 497 3510 sive
520 3446 608 3512 modi
631 3446 699 3510 sive
721 3447 878 3530 temporis
900 3445 1133 3529 perfectionem
1155 3446 1276 3528 poterit
1297 3445 1452 3509 invenire.
1497 3445 1535 3508 In
1559 3445 1698 3509 secundo

431 3576 508 3618 vero
531 3555 634 3640 signo,
660 3556 745 3640 quod
768 3554 802 3618 in
826 3554 890 3619 alio
913 3554 1054 3634 modum,
1077 3554 1111 3617 in
1134 3552 1195 3618 hoo
1218 3557 1346 3637 tempus
1371 3553 1527 3638 designat,
1558 3553 1586 3617 si
1614 3553 1699 3617 euim

431 3667 569 3745 punctus
592 3664 627 3726 in
650 3667 760 3727 centro
777 3669 850 3744 (pag.
869 3666 912 3744 67)
929 3666 1076 3746 ponatur,
1100 3661 1291 3745 prolationis
1316 3663 1515 3726 demonstrat
1529 3659 1699 3743 perfectio-

429 3771 567 3848 0010**;
599 3772 685 3855 quod
715 3771 742 3834 si
773 3793 855 3852 uon,
890 3771 1177 3854 imperfectionem.
1224 3771 1275 3834 Ita
1305 3773 1336 3833 et
1364 3769 1399 3832 in
1430 3769 1639 3850 semicirculo,
1663 3773 1699 3831 ut

430 3882 521 3961 patet
542 3878 577 3941 iu
599 3877 720 3963 figuris.
768 3885 795 3941 O
812 3875 835 3946 5
851 3877 954 3962 figura
976 3878 1064 3942 modi
1088 3900 1160 3941 cum
1190 3883 1345 3962 tempore,
1373 3883 1400 3939 Θ
1418 3875 1522 3962 figura
1543 3875 1698 3961 temporis

409 4007 504 4049 cum
526 3985 718 4069 prolatione.

516 4093 583 4156 Has
606 4093 706 4179 igitur
728 4091 849 4178 figuras
873 4093 919 4157 sic
933 4093 1116 4176 'dispositas
1138 4092 1199 4157 hac
1226 4093 1354 4156 ratione
1381 4092 1593 4176 repperimus,
1625 4090 1698 4175 quia

409 4200 608 4278 ,contrarias
637 4222 845 4266 numerorum
871 4201 1038 4284 passiones
1060 4201 1146 4264 inter
1169 4222 1203 4264 se
1231 4199 1451 4264 custodientes
1478 4198 1696 4285 cognovimus.

519 4367 528 4402 ²
546 4381 647 4418 numer
667 4383 688 4418 s.

416 4493 418 4502 ,
517 4449 611 4520 *Ego
630 4381 752 4508 fiimiter
770 4450 945 4505 contrarium
963 4454 1049 4506 teneo
1069 4449 1296 4505 evidentioribus
1314 4450 1472 4519 procedens
1491 4448 1660 4504 rationibus.

517 4537 549 4572 **
567 4535 630 4591 Hic
639 4537 835 4606 prolationem
853 4537 990 4592 conducit
1001 4554 1054 4607 per
1065 4539 1206 4607 punctum
1219 4536 1250 4590 in
1270 4539 1378 4605 centro,
1398 4535 1527 4607 superius
1541 4537 1637 4590 autem
1649 4549 1701 4603 per

430 4624 571 4692 punctum
589 4622 738 4677 divisionis
757 4623 935 4678 reducibilis.
973 4623 1045 4694 (Vgl.
1065 4623 1091 4678 S.
1104 4623 1154 4688 78.)
1488 4623 1489 4626 ’
