3734 5572
695 319 911 384 ..83-

172 493 258 560 Nam
271 493 307 558 in
321 493 426 578 primo
442 493 536 579 signo
553 492 791 578 quadripartito·
811 493 939 578 siguum
962 494 1118 578 superius,
1142 493 1249 577 quod¹
1273 493 1438 560 sinistram

173 607 267 668 tenet·
286 600 436 687 legentis,
461 605 493 666 et
515 600 671 685 temporis
695 603 735 666 et:
748 599 837 668 modi
866 600 1099 684 perfectionem
1127 599 1273 666 affimat.
1320 601 1359 668 In
1374 622 1439 684 gsua

173 709 427 774 verocontraria
442 707 540 791 modi,
553 707 609 792 qui
623 707 836 772 universalior
852 711 909 791 ert,
923 707 1080 792 perfectio
1097 709 1275 794 denegatur
1289 709 1438 794 idemque

172 815 207 881 in
222 815 453 882 subcontrariis
468 814 636 899 reperitur.
661 814 800 880 Inferius
816 837 901 897 vero,
920 817 1006 900 quod
1022 816 1168 882 dextram
1182 821 1273 883 tenet
1288 817 1438 903 legentis,

172 923 351 989 contrarias
366 924 498 989 omnino
513 922 630 1008 recipit
644 922 821 1006 passiones.
869 921 922 988 Sic
947 927 979 988 et
994 923 1160 988 sinistrum
1175 923 1310 990 inferius
1326 928 1439 990 contra

165 1033 322 1098 ,dextrum
346 1031 508 1116 superius;
530 1053 607 1096 nam
629 1030 663 1096 id
686 1031 771 1114 quod
802 1034 941 1116 negatur
963 1031 997 1095 in
1019 1053 1092 1114 una,
1117 1031 1297 1097 affirmatur
1318 1033 1353 1106 in
1376 1033 1440 1098 alia

175 1159 233 1202 sua
267 1135 517 1202 contradictoria
541 1138 573 1198 et
596 1156 613 1197 e
637 1138 757 1198 contra.
805 1133 928 1211 Quodsi
951 1139 1122 1219 utrumque
1143 1140 1282 1221 negatur
1304 1137 1339 1199 in
1365 1158 1438 1218 una,

176 1244 271 1310 ambo
288 1243 489 1308 affirmantur
503 1242 538 1306 in
554 1241 658 1308 altera
673 1263 731 1306 sua
746 1241 1004 1316 contradictoria.
1036 1242 1249 1308 Subalternae
1272 1265 1348 1308 vero
1368 1247 1441 1326 pot-

177 1357 271 1417 erunt
293 1351 366 1436 dici,
391 1373 429 1416 eo
454 1351 540 1434 quod
561 1349 685 1431 modus,
710 1349 765 1434 qui
786 1349 999 1415 universalior
1023 1354 1079 1432 eet,
1103 1350 1190 1415 idem
1215 1372 1284 1415 esse
1303 1351 1438 1416 videtur.

176 1458 230 1525 Sic
246 1464 279 1524 et
295 1461 333 1524 de
350 1459 414 1524 alio
435 1459 529 1544 signo
552 1458 786 1541 quadripartito
811 1458 980 1524 dicendum
1005 1462 1061 1540 est,
1085 1463 1121 1522 ut
1143 1459 1249 1542 patuit
1270 1459 1304 1522 in
1319 1457 1439 1544 figuris.

261 1566 382 1631 Verum
404 1565 479 1651 quia
500 1565 536 1630 in
558 1566 618 1630 hac
640 1569 732 1650 parte
751 1566 909 1650 quidquid
928 1588 987 1650 per
1009 1566 1114 1630 varias
1136 1566 1312 1632 fractiones
1336 1566 1441 1631 diver-

175 1697 291 1760 sasque
312 1673 542 1738 diminutiones
564 1673 690 1738 canitur
705 1673 746 1738 ad
761 1674 921 1757 quandam
945 1678 1067 1740 certam
1089 1674 1310 1760 integritatem
1334 1674 1441 1739 deter-

175 1783 394 1866 minatamque
417 1803 601 1847 mensuram
617 1781 790 1864 reducitur,
807 1782 889 1858 scire
903 1803 963 1847 nos
980 1786 1108 1866 oportet
1122 1805 1181 1866 per
1196 1782 1290 1868 signa
1306 1783 1441 1866 diversa,

126 1893 127 1896 ’
174 1891 208 1955 in
239 1890 353 1974 quibus
380 1889 502 1955 notulis
534 1910 719 1952 mensuram
747 1889 908 1974 integram
940 1890 1093 1954 debemus
1120 1895 1240 1954 tenere.
1291 1890 1442 1955 Mensura

177 1997 271 2078 enim,
296 2002 332 2062 ut
355 1997 502 2078 diximus,
528 2000 577 2060 est
598 1995 679 2060 illud
702 2000 829 2079 tempus
852 1997 920 2060 sive
942 1997 1149 2061 intervallum
1170 1998 1256 2062 inter
1283 1998 1443 2064 diastolen

176 2111 209 2170 et
235 2106 380 2190 systolen
407 2105 551 2187 corporis
580 2108 733 2169 eucraton
759 2103 1035 2188 comprehensum.
1082 2105 1132 2170 De
1159 2105 1249 2170 cuius
1278 2107 1442 2190 inaequali

177 2212 369 2278 alteratione
398 2212 571 2297 insurgunt
602 2211 789 2295 inaequales
816 2213 958 2276 musicae
989 2213 1230 2297 proportiones,
1260 2213 1298 2277 de
1328 2213 1443 2296 quibus

175 2321 273 2405 paulo
300 2324 375 2404 post
408 2318 525 2384 dicturi
553 2340 671 2383 sumus.
719 2317 800 2384 Oum
827 2319 928 2404 igitur
956 2323 1068 2384 cantor
1094 2324 1181 2386 recte
1216 2324 1249 2384 et
1279 2342 1442 2386 commen-

178 2432 285 2492 surate
309 2431 438 2494 cantare
456 2427 627 2510 desiderat,
644 2428 747 2491 instar
761 2426 872 2512 pulsus
895 2427 989 2492 istius
1004 2429 1121 2512 pedem
1144 2432 1199 2492 aut
1221 2450 1352 2493 manum
1375 2428 1441 2493 sive

178 2535 316 2621 digitum
344 2539 482 2621 tangens
511 2534 546 2599 in
570 2534 711 2618 aliquem
739 2534 846 2599 locum
876 2536 1020 2601 canendo
1043 2541 1180 2600 moveat.
1226 2535 1269 2600 Et
1291 2558 1363 2601 cunr
1385 2558 1444 2620 per

176 2643 314 2726 primum
338 2642 491 2707 cecinerit
514 2643 642 2728 signum
666 2643 944 2726 quadripartitum,
961 2665 1145 2708 mensuram
1167 2643 1265 2710 istam
1287 2648 1387 2728 ponat
1409 2645 1443 2710 in

176 2751 283 2830 brevi3
313 2755 389 2815 tunc
418 2751 504 2815 enirn
530 2751 629 2836 longa
656 2750 690 2813 in
716 2749 788 2814 istis
814 2748 880 2818 05
898 2759 925 2814 O
940 2750 962 2819 2
994 2752 1098 2817 tribus
1127 2754 1282 2837 temporis
1309 2752 1442 2818 morulis

176 2858 422 2940 mensurabitur,
446 2857 572 2923 inistis
593 2879 670 2923 vero
689 2863 712 2920 C
728 2855 751 2925 5
770 2865 789 2922 C
812 2857 984 2926 Zduabus.
1030 2859 1160 2944 Duplex
1181 2882 1257 2926 vero
1284 2860 1383 2947 longa
1408 2861 1443 2924 in

177 2964 228 3030 his
247 2971 275 3028 O
289 2963 312 3032 5
331 2964 396 3033 02
413 2987 479 3047 sex,
504 2965 608 3030 sedin
624 2964 696 3029 istis
714 2972 736 3028 C
758 2964 781 3034 5
799 2970 820 3026 C
840 2965 862 3034 2
879 2971 1017 3051 quatuor
1039 2972 1165 3032 tanturn
1191 2967 1321 3033 valebit.
1368 2969 1444 3052 Ipsa

177 3096 253 3139 vero
280 3095 433 3138 mensura
459 3073 588 3138 inistis
611 3074 735 3138 duobus
759 3072 825 3141 ΟΖ
844 3080 865 3137 C
884 3073 906 3142 2
929 3097 987 3159 per
1009 3075 1151 3139 medium
1173 3076 1207 3139 in
1231 3076 1293 3140 duo
1316 3079 1443 3140 tantum

147 3253 150 3258 ,
177 3182 374 3248 semibreves
411 3185 539 3246 secatur
575 3185 776 3265 quatuorque
806 3182 964 3246 minimas.
1011 3183 1051 3247 In
1087 3184 1158 3248 istis
1195 3205 1271 3247 vero
1297 3191 1324 3246 O
1340 3180 1363 3250 5
1381 3181 1443 3252 <5

178 3290 358 3375 aequaliter
386 3290 419 3353 in
447 3293 513 3354 tres
543 3290 696 3354 dividitur
729 3290 925 3355 semibreves
956 3312 1012 3354 sex
1035 3313 1162 3374 quoque
1190 3291 1350 3374 minimas,
1381 3289 1445 3354 nisi

179 3401 378 3483 comparatio
402 3397 582 3482 inaequalis
605 3397 662 3462 fiat
684 3420 756 3462 cum
771 3402 893 3480 tenore,
911 3400 1064 3482 quoniam
1087 3405 1163 3462 tunc
1185 3397 1324 3484 insurgit
1347 3420 1445 3482 quae-

179 3507 254 3571 dam
275 3504 519 3590 inaequalitatis
543 3505 708 3584 habitudo,
734 3506 772 3570 de
797 3527 863 3590 qua¹
882 3507 916 3569 in
938 3506 1201 3591 proportionibus
1225 3506 1377 3572 dicemus.

265 3614 323 3679 Sin
349 3636 426 3679 vero
457 3635 515 3697 per
538 3614 713 3678 secundum
741 3613 895 3678 cecinerit
922 3615 1050 3700 signum
1073 3614 1350 3699 quadripartitum,
1376 3637 1446 3680 mo·

177 3722 281 3786 rulam
303 3727 403 3806 ponet
429 3722 464 3785 in
491 3721 665 3786 semibrcri
695 3725 727 3785 et
753 3725 830 3788 tunc
854 3721 962 3786 brevis
984 3727 1051 3786 tres
1077 3744 1244 3787 mensuras
1266 3723 1389 3787 valebit
1411 3723 1445 3786 in

177 3829 249 3893 istis
268 3835 295 3891 Θ
316 3835 356 3911 O,
374 3829 453 3894 duas
476 3850 552 3894 vero
575 3833 703 3893 tantum
724 3828 760 3892 in
782 3829 871 3894 hiso
900 3836 944 3909 C;
974 3833 1006 3894 et
1021 3829 1104 3895 sicut
1117 3830 1153 3894 in
1176 3830 1248 3895 aliie
1265 3831 1367 3896 divisa
1379 3830 1445 3896 fuit

178 3938 306 4020 ae-(pag.
326 3936 512 4020 68)qualiter
540 3937 575 4001 in
602 3938 680 4001 duas
712 3941 768 4001 aut
788 3937 824 4001 in
845 3941 912 4002 tres
938 3937 1143 4020 semibreves,
1168 3937 1214 4002 ita
1236 3938 1271 4001 in
1293 3937 1364 4002 istis
1387 3939 1442 4023 [in]

178 4045 257 4108 duas
286 4044 436 4108 minimas
466 4049 522 4109 aut
548 4044 582 4108 in
608 4049 684 4123 tres,
712 4049 809 4129 prout
836 4045 964 4132 signum
992 4046 1225 4130 perfectionem
1249 4050 1305 4110 aut
1327 4047 1446 4131 imper-

178 4151 353 4217 fectionem
376 4153 517 4235 denotat,
542 4152 711 4218 dividetur.
759 4152 812 4219 Sic
843 4158 876 4218 et
902 4154 936 4218 in
963 4159 1101 4238 quatuor
1127 4158 1183 4219 aut
1209 4154 1243 4220 in
1271 4175 1328 4219 sex
1351 4157 1446 4220 serni-

166 4258 328 4342 ·minimis,
355 4263 388 4323 et
409 4259 496 4326 istud
521 4262 691 4347 estquod
713 4261 914 4346 frequentius
938 4261 1156 4328 observatura.

266 4426 352 4494 1qui.
916 4502 929 4514 ..

264 4513 395 4568 2Diaser
417 4514 524 4568 Absatz
547 4515 639 4570 findet
663 4513 724 4569 sich
747 4514 778 4570 in
802 4514 888 4571 freier
912 4514 1109 4584 chrsetaung
1130 4513 1178 4570 bei
1202 4514 1319 4570 Pietro
1343 4517 1445 4584 Aron,

164 4603 340 4670 ,Toreanellq
359 4617 420 4670 cap.
433 4600 474 4654 38.

1204 4707 1238 4760 6*
