<?xml version="1.0" encoding="UTF-8"?>
<!DOCTYPE html PUBLIC "-//W3C//DTD XHTML 1.0 Transitional//EN"
    "http://www.w3.org/TR/xhtml1/DTD/xhtml1-transitional.dtd">
<html xmlns="http://www.w3.org/1999/xhtml" xml:lang="en" lang="en">
 <head>
  <title>
</title>
<meta http-equiv="Content-Type" content="text/html;charset=utf-8" />
  <meta name='ocr-system' content='tesseract 3.04.00' />
  <meta name='ocr-capabilities' content='ocr_page ocr_carea ocr_par ocr_line ocrx_word'/>
</head>
<body>
  <div class='ocr_page' id='page_1' title='image "./musicapracticab00wolfgoog/musicapracticab00wolfgoog_0046.png"; bbox 0 0 3758 5514; ppageno 0'>
   <div class='ocr_carea' id='block_1_1' title="bbox 734 283 948 349">
    <p class='ocr_par' dir='ltr' id='par_1_1' title="bbox 734 283 948 349">
     <span class='ocr_line' id='line_1_1' title="bbox 734 283 948 349; baseline 0 -16"><span class='ocrx_word' id='word_1_1' title='bbox 734 283 948 349; x_wconf 73' lang='lat'>..23-</span> 
     </span>
    </p>
   </div>
   <div class='ocr_carea' id='block_1_2' title="bbox 202 456 1480 2379">
    <p class='ocr_par' dir='ltr' id='par_1_2' title="bbox 202 456 1476 756">
     <span class='ocr_line' id='line_1_2' title="bbox 202 456 1476 544; baseline 0.003 -24"><span class='ocrx_word' id='word_1_2' title='bbox 202 456 282 521; x_wconf 85' lang='lat' dir='ltr'><strong>facit</strong></span> <span class='ocrx_word' id='word_1_3' title='bbox 308 457 344 520; x_wconf 92' lang='lat' dir='ltr'><strong>in</strong></span> <span class='ocrx_word' id='word_1_4' title='bbox 369 460 461 522; x_wconf 84' lang='lat' dir='ltr'><strong>sexto</strong></span> <span class='ocrx_word' id='word_1_5' title='bbox 491 456 585 540; x_wconf 87' lang='lat' dir='ltr'><strong>libro,</strong></span> <span class='ocrx_word' id='word_1_6' title='bbox 614 479 709 541; x_wconf 91' lang='lat' dir='ltr'><strong>quem</strong></span> <span class='ocrx_word' id='word_1_7' title='bbox 736 457 784 522; x_wconf 74' lang='lat' dir='ltr'><strong>de·</strong></span> <span class='ocrx_word' id='word_1_8' title='bbox 800 478 835 524; x_wconf 79' lang='lat' dir='ltr'><strong>re</strong></span> <span class='ocrx_word' id='word_1_9' title='bbox 859 458 993 542; x_wconf 58' lang='lat' dir='ltr'><strong>pruina</strong></span> <span class='ocrx_word' id='word_1_10' title='bbox 1019 459 1210 543; x_wconf 88' lang='lat' dir='ltr'><strong>composuit,</strong></span> <span class='ocrx_word' id='word_1_11' title='bbox 1245 458 1318 524; x_wconf 91' lang='lat' dir='ltr'><strong>aliis</strong></span> <span class='ocrx_word' id='word_1_12' title='bbox 1346 460 1476 544; x_wconf 90' lang='lat' dir='ltr'><strong>quidem</strong></span> 
     </span>
     <span class='ocr_line' id='line_1_3' title="bbox 203 564 1476 654; baseline 0.005 -27"><span class='ocrx_word' id='word_1_13' title='bbox 203 565 320 646; x_wconf 86' lang='lat' dir='ltr'><strong>verbis,</strong></span> <span class='ocrx_word' id='word_1_14' title='bbox 366 565 424 630; x_wconf 92' lang='lat' dir='ltr'><strong>sed</strong></span> <span class='ocrx_word' id='word_1_15' title='bbox 463 564 499 628; x_wconf 92' lang='lat' dir='ltr'><strong>in</strong></span> <span class='ocrx_word' id='word_1_16' title='bbox 536 565 597 631; x_wconf 86' lang='lat' dir='ltr'><strong>hac</strong></span> <span class='ocrx_word' id='word_1_17' title='bbox 636 570 747 630; x_wconf 90' lang='lat' dir='ltr'><strong>tamen</strong></span> <span class='ocrx_word' id='word_1_18' title='bbox 778 565 949 652; x_wconf 80' lang='lat' dir='ltr'><strong>&#39;sententia</strong></span> <span class='ocrx_word' id='word_1_19' title='bbox 958 571 977 631; x_wconf 86' lang='lat'><strong>1.</strong></span> <span class='ocrx_word' id='word_1_20' title='bbox 1045 567 1088 652; x_wconf 79' lang='lat' dir='ltr'><strong>Et</strong></span> <span class='ocrx_word' id='word_1_21' title='bbox 1131 567 1193 635; x_wconf 91' lang='lat' dir='ltr'><strong>hoc</strong></span> <span class='ocrx_word' id='word_1_22' title='bbox 1237 573 1393 654; x_wconf 88' lang='lat' dir='ltr'><strong>quantum</strong></span> <span class='ocrx_word' id='word_1_23' title='bbox 1436 569 1476 633; x_wconf 87' lang='lat' dir='ltr'><strong>ad</strong></span> 
     </span>
     <span class='ocr_line' id='line_1_4' title="bbox 203 672 431 756; baseline 0.004 -20"><span class='ocrx_word' id='word_1_24' title='bbox 203 672 431 756; x_wconf 88' lang='lat' dir='ltr'><strong>septenarium.</strong></span> 
     </span>
    </p>

    <p class='ocr_par' dir='ltr' id='par_1_3' title="bbox 204 779 1480 2379">
     <span class='ocr_line' id='line_1_5' title="bbox 291 779 1473 868; baseline 0.003 -24"><span class='ocrx_word' id='word_1_25' title='bbox 291 779 454 858; x_wconf 78' lang='lat' dir='ltr'><strong>Quantum</strong></span> <span class='ocrx_word' id='word_1_26' title='bbox 477 800 554 850; x_wconf 85' lang='lat' dir='ltr'><strong>vero</strong></span> <span class='ocrx_word' id='word_1_27' title='bbox 578 782 619 846; x_wconf 92' lang='lat' dir='ltr'><strong>ad</strong></span> <span class='ocrx_word' id='word_1_28' title='bbox 641 781 813 864; x_wconf 90' lang='lat' dir='ltr'><strong>senarium,</strong></span> <span class='ocrx_word' id='word_1_29' title='bbox 843 782 918 866; x_wconf 87' lang='lat' dir='ltr'><strong>quia</strong></span> <span class='ocrx_word' id='word_1_30' title='bbox 941 782 1189 848; x_wconf 69' lang='lat' dir='ltr'><strong>mathematicae</strong></span> <span class='ocrx_word' id='word_1_31' title='bbox 1219 787 1294 849; x_wconf 90' lang='lat' dir='ltr'><strong>sunt</strong></span> <span class='ocrx_word' id='word_1_32' title='bbox 1319 785 1473 868; x_wconf 88' lang='lat' dir='ltr'><strong>rationes,</strong></span> 
     </span>
     <span class='ocr_line' id='line_1_6' title="bbox 206 889 1475 977; baseline 0.002 -24"><span class='ocrx_word' id='word_1_33' title='bbox 206 889 348 954; x_wconf 82' lang='lat' dir='ltr'><strong>dicemus</strong></span> <span class='ocrx_word' id='word_1_34' title='bbox 375 889 606 958; x_wconf 86' lang='lat' dir='ltr'><strong>mathematica</strong></span> <span class='ocrx_word' id='word_1_35' title='bbox 632 911 768 974; x_wconf 88' lang='lat' dir='ltr'><strong>corpora</strong></span> <span class='ocrx_word' id='word_1_36' title='bbox 786 890 996 956; x_wconf 84' lang='lat' dir='ltr'><strong>subiicienda</strong></span> <span class='ocrx_word' id='word_1_37' title='bbox 1032 897 1101 956; x_wconf 81' lang='lat' dir='ltr'><strong>esse</strong></span> <span class='ocrx_word' id='word_1_38' title='bbox 1131 891 1321 977; x_wconf 73' lang='lat' dir='ltr'>cogitationi</span> <span class='ocrx_word' id='word_1_39' title='bbox 1349 896 1382 957; x_wconf 90' lang='lat' dir='ltr'><strong>et</strong></span> <span class='ocrx_word' id='word_1_40' title='bbox 1409 913 1475 956; x_wconf 92' lang='lat' dir='ltr'><strong>non</strong></span> 
     </span>
     <span class='ocr_line' id='line_1_7' title="bbox 206 995 1476 1084; baseline 0.002 -24"><span class='ocrx_word' id='word_1_41' title='bbox 206 995 323 1061; x_wconf 89' lang='lat' dir='ltr'><strong>sensui.</strong></span> <span class='ocrx_word' id='word_1_42' title='bbox 368 997 408 1060; x_wconf 91' lang='lat' dir='ltr'><strong>In</strong></span> <span class='ocrx_word' id='word_1_43' title='bbox 435 996 550 1081; x_wconf 90' lang='lat' dir='ltr'><strong>quibus</strong></span> <span class='ocrx_word' id='word_1_44' title='bbox 577 997 772 1082; x_wconf 87' lang='lat' dir='ltr'><strong>principium</strong></span> <span class='ocrx_word' id='word_1_45' title='bbox 810 1002 859 1063; x_wconf 91' lang='lat' dir='ltr'><strong>est</strong></span> <span class='ocrx_word' id='word_1_46' title='bbox 884 1003 1030 1084; x_wconf 89' lang='lat' dir='ltr'><strong>punctus,</strong></span> <span class='ocrx_word' id='word_1_47' title='bbox 1065 999 1119 1084; x_wconf 91' lang='lat' dir='ltr'><strong>qui</strong></span> <span class='ocrx_word' id='word_1_48' title='bbox 1151 999 1389 1084; x_wconf 83' lang='lat' dir='ltr'><strong>longItudinem</strong></span> <span class='ocrx_word' id='word_1_49' title='bbox 1416 1021 1476 1063; x_wconf 90' lang='lat' dir='ltr'><strong>nec</strong></span> 
     </span>
     <span class='ocr_line' id='line_1_8' title="bbox 204 1104 1477 1191; baseline 0.002 -23"><span class='ocrx_word' id='word_1_50' title='bbox 204 1105 411 1170; x_wconf 86' lang='lat' dir='ltr'><strong>latitudinem</strong></span> <span class='ocrx_word' id='word_1_51' title='bbox 426 1104 526 1171; x_wconf 89' lang='lat' dir='ltr'><strong>habet</strong></span> <span class='ocrx_word' id='word_1_52' title='bbox 540 1119 600 1170; x_wconf 87' lang='lat' dir='ltr'><strong>nee</strong></span> <span class='ocrx_word' id='word_1_53' title='bbox 614 1105 869 1190; x_wconf 74' lang='lat' dir='ltr'><strong>profunditatem</strong></span> <span class='ocrx_word' id='word_1_54' title='bbox 888 1109 944 1170; x_wconf 89' lang='lat' dir='ltr'><strong>aut</strong></span> <span class='ocrx_word' id='word_1_55' title='bbox 964 1105 1177 1172; x_wconf 75' lang='lat' dir='ltr'><strong>altitudinem.</strong></span> <span class='ocrx_word' id='word_1_56' title='bbox 1215 1106 1276 1172; x_wconf 91' lang='lat' dir='ltr'><strong>Hie</strong></span> <span class='ocrx_word' id='word_1_57' title='bbox 1295 1111 1477 1191; x_wconf 86' lang='lat' dir='ltr'><strong>protractus</strong></span> 
     </span>
     <span class='ocr_line' id='line_1_9' title="bbox 205 1211 1477 1300; baseline 0.002 -24"><span class='ocrx_word' id='word_1_58' title='bbox 205 1211 307 1276; x_wconf 87' lang='lat' dir='ltr'><strong>efficit</strong></span> <span class='ocrx_word' id='word_1_59' title='bbox 328 1213 458 1297; x_wconf 87' lang='lat' dir='ltr'><strong>lineam,</strong></span> <span class='ocrx_word' id='word_1_60' title='bbox 483 1228 564 1298; x_wconf 88' lang='lat' dir='ltr'><strong>quae</strong></span> <span class='ocrx_word' id='word_1_61' title='bbox 587 1213 681 1279; x_wconf 89' lang='lat' dir='ltr'><strong>unius</strong></span> <span class='ocrx_word' id='word_1_62' title='bbox 705 1214 915 1279; x_wconf 77' lang='lat' dir='ltr'><strong>dimensionis</strong></span> <span class='ocrx_word' id='word_1_63' title='bbox 945 1219 995 1280; x_wconf 90' lang='lat' dir='ltr'><strong>est</strong></span> <span class='ocrx_word' id='word_1_64' title='bbox 1017 1214 1141 1280; x_wconf 88' lang='lat' dir='ltr'><strong>seilicet</strong></span> <span class='ocrx_word' id='word_1_65' title='bbox 1167 1214 1380 1300; x_wconf 75' lang='lat' dir='ltr'><strong>longitudinis</strong></span> <span class='ocrx_word' id='word_1_66' title='bbox 1407 1213 1477 1278; x_wconf 87' lang='lat' dir='ltr'><strong>sine</strong></span> 
     </span>
     <span class='ocr_line' id='line_1_10' title="bbox 205 1319 1480 1408; baseline 0.002 -25"><span class='ocrx_word' id='word_1_67' title='bbox 205 1319 377 1386; x_wconf 88' lang='lat' dir='ltr'><strong>latitudine</strong></span> <span class='ocrx_word' id='word_1_68' title='bbox 401 1324 434 1385; x_wconf 91' lang='lat' dir='ltr'><strong>et</strong></span> <span class='ocrx_word' id='word_1_69' title='bbox 455 1320 675 1405; x_wconf 87' lang='lat' dir='ltr'><strong>profunditate</strong></span> <span class='ocrx_word' id='word_1_70' title='bbox 699 1325 732 1386; x_wconf 90' lang='lat' dir='ltr'><strong>et</strong></span> <span class='ocrx_word' id='word_1_71' title='bbox 750 1321 880 1388; x_wconf 84' lang='lat' dir='ltr'><strong>&#39;duobus</strong></span> <span class='ocrx_word' id='word_1_72' title='bbox 902 1322 1030 1406; x_wconf 88' lang='lat' dir='ltr'><strong>punctis</strong></span> <span class='ocrx_word' id='word_1_73' title='bbox 1054 1345 1092 1387; x_wconf 87' lang='lat' dir='ltr'><strong>ex</strong></span> <span class='ocrx_word' id='word_1_74' title='bbox 1107 1327 1242 1406; x_wconf 87' lang='lat' dir='ltr'><strong>utraque</strong></span> <span class='ocrx_word' id='word_1_75' title='bbox 1257 1326 1350 1406; x_wconf 90' lang='lat' dir='ltr'><strong>parte</strong></span> <span class='ocrx_word' id='word_1_76' title='bbox 1372 1321 1480 1408; x_wconf 85' lang='lat' dir='ltr'><strong>longi-</strong></span> 
     </span>
     <span class='ocr_line' id='line_1_11' title="bbox 209 1427 1480 1516; baseline 0.003 -25"><span class='ocrx_word' id='word_1_77' title='bbox 209 1427 355 1504; x_wconf 86' lang='lat' dir='ltr'><strong>tudinem</strong></span> <span class='ocrx_word' id='word_1_78' title='bbox 387 1429 636 1494; x_wconf 87' lang='lat' dir='ltr'><strong>terminantibus</strong></span> <span class='ocrx_word' id='word_1_79' title='bbox 672 1430 867 1494; x_wconf 87' lang='lat' dir='ltr'><strong>continetur..</strong></span> <span class='ocrx_word' id='word_1_80' title='bbox 922 1430 1014 1495; x_wconf 89' lang='lat' dir='ltr'><strong>Hane</strong></span> <span class='ocrx_word' id='word_1_81' title='bbox 1043 1430 1163 1495; x_wconf 90' lang='lat' dir='ltr'><strong>lineam</strong></span> <span class='ocrx_word' id='word_1_82' title='bbox 1195 1429 1224 1493; x_wconf 91' lang='lat' dir='ltr'><strong>si</strong></span> <span class='ocrx_word' id='word_1_83' title='bbox 1251 1431 1480 1516; x_wconf 81' lang='lat' dir='ltr'><strong>geminaveris,</strong></span> 
     </span>
     <span class='ocr_line' id='line_1_12' title="bbox 207 1536 1477 1622; baseline 0.002 -22"><span class='ocrx_word' id='word_1_84' title='bbox 207 1536 344 1600; x_wconf 87' lang='lat' dir='ltr'><strong>alterum</strong></span> <span class='ocrx_word' id='word_1_85' title='bbox 381 1555 496 1620; x_wconf 87' lang='lat' dir='ltr'><strong>corpus</strong></span> <span class='ocrx_word' id='word_1_86' title='bbox 534 1536 798 1602; x_wconf 89' lang='lat' dir='ltr'><strong>mathematicum</strong></span> <span class='ocrx_word' id='word_1_87' title='bbox 831 1537 897 1619; x_wconf 90' lang='lat' dir='ltr'><strong>fiet,</strong></span> <span class='ocrx_word' id='word_1_88' title='bbox 937 1539 1022 1622; x_wconf 89' lang='lat' dir='ltr'><strong>quod</strong></span> <span class='ocrx_word' id='word_1_89' title='bbox 1060 1538 1183 1603; x_wconf 89' lang='lat' dir='ltr'><strong>duabus</strong></span> <span class='ocrx_word' id='word_1_90' title='bbox 1222 1538 1477 1603; x_wconf 87' lang='lat' dir='ltr'><strong>dimensionibus</strong></span> 
     </span>
     <span class='ocr_line' id='line_1_13' title="bbox 207 1644 1476 1731; baseline 0.002 -23"><span class='ocrx_word' id='word_1_91' title='bbox 207 1645 398 1723; x_wconf 85' lang='lat' dir='ltr'><strong>extenditur,</strong></span> <span class='ocrx_word' id='word_1_92' title='bbox 433 1644 468 1709; x_wconf 95' lang='lat' dir='ltr'><strong>in</strong></span> <span class='ocrx_word' id='word_1_93' title='bbox 501 1645 635 1731; x_wconf 86' lang='lat' dir='ltr'><strong>longum</strong></span> <span class='ocrx_word' id='word_1_94' title='bbox 669 1645 794 1712; x_wconf 88' lang='lat' dir='ltr'><strong>scilicet</strong></span> <span class='ocrx_word' id='word_1_95' title='bbox 826 1650 859 1711; x_wconf 92' lang='lat' dir='ltr'><strong>et</strong></span> <span class='ocrx_word' id='word_1_96' title='bbox 891 1646 994 1710; x_wconf 89' lang='lat' dir='ltr'><strong>latum</strong></span> <span class='ocrx_word' id='word_1_97' title='bbox 1027 1667 1140 1711; x_wconf 88' lang='lat' dir='ltr'><strong>carens</strong></span> <span class='ocrx_word' id='word_1_98' title='bbox 1174 1646 1355 1729; x_wconf 84' lang='lat' dir='ltr'><strong>altitudine,</strong></span> <span class='ocrx_word' id='word_1_99' title='bbox 1390 1646 1476 1729; x_wconf 91' lang='lat' dir='ltr'><strong>quod</strong></span> 
     </span>
     <span class='ocr_line' id='line_1_14' title="bbox 208 1751 1480 1838; baseline 0.002 -22"><span class='ocrx_word' id='word_1_100' title='bbox 208 1751 393 1835; x_wconf 85' lang='lat' dir='ltr'><strong>superficies</strong></span> <span class='ocrx_word' id='word_1_101' title='bbox 416 1751 547 1832; x_wconf 82' lang='lat' dir='ltr'><strong>dicitur3</strong></span> <span class='ocrx_word' id='word_1_102' title='bbox 578 1758 615 1818; x_wconf 82' lang='lat' dir='ltr'><strong>et&#39;</strong></span> <span class='ocrx_word' id='word_1_103' title='bbox 639 1752 701 1818; x_wconf 91' lang='lat' dir='ltr'><strong>hoc</strong></span> <span class='ocrx_word' id='word_1_104' title='bbox 722 1755 851 1838; x_wconf 88' lang='lat' dir='ltr'><strong>punctis</strong></span> <span class='ocrx_word' id='word_1_105' title='bbox 879 1758 1016 1838; x_wconf 89' lang='lat' dir='ltr'><strong>quatuor</strong></span> <span class='ocrx_word' id='word_1_106' title='bbox 1038 1754 1221 1820; x_wconf 80' lang='lat' dir='ltr'><strong>continetur</strong></span> <span class='ocrx_word' id='word_1_107' title='bbox 1247 1754 1332 1819; x_wconf 90' lang='lat' dir='ltr'><strong>datis</strong></span> <span class='ocrx_word' id='word_1_108' title='bbox 1354 1753 1480 1819; x_wconf 88' lang='lat' dir='ltr'><strong>scilieet</strong></span> 
     </span>
     <span class='ocr_line' id='line_1_15' title="bbox 209 1859 1478 1946; baseline 0.002 -22"><span class='ocrx_word' id='word_1_109' title='bbox 209 1859 345 1924; x_wconf 90' lang='lat' dir='ltr'><strong>cuilibet</strong></span> <span class='ocrx_word' id='word_1_110' title='bbox 365 1861 500 1925; x_wconf 88' lang='lat' dir='ltr'><strong>duarum</strong></span> <span class='ocrx_word' id='word_1_111' title='bbox 521 1860 680 1925; x_wconf 81' lang='lat' dir='ltr'><strong>lineamm</strong></span> <span class='ocrx_word' id='word_1_112' title='bbox 704 1863 828 1927; x_wconf 88' lang='lat' dir='ltr'><strong>duobus</strong></span> <span class='ocrx_word' id='word_1_113' title='bbox 850 1863 987 1946; x_wconf 87' lang='lat' dir='ltr'><strong>punctis.</strong></span> <span class='ocrx_word' id='word_1_114' title='bbox 1034 1861 1070 1927; x_wconf 88' lang='lat' dir='ltr'><strong>Si</strong></span> <span class='ocrx_word' id='word_1_115' title='bbox 1091 1881 1168 1927; x_wconf 81' lang='lat' dir='ltr'><strong>vero</strong></span> <span class='ocrx_word' id='word_1_116' title='bbox 1190 1861 1253 1926; x_wconf 88' lang='lat' dir='ltr'><strong>hae</strong></span> <span class='ocrx_word' id='word_1_117' title='bbox 1276 1862 1357 1927; x_wconf 88' lang='lat' dir='ltr'><strong>duae</strong></span> <span class='ocrx_word' id='word_1_118' title='bbox 1372 1862 1478 1926; x_wconf 88' lang='lat' dir='ltr'><strong>lineae</strong></span> 
     </span>
     <span class='ocr_line' id='line_1_16' title="bbox 209 1966 1478 2053; baseline 0.002 -23"><span class='ocrx_word' id='word_1_119' title='bbox 209 1966 330 2032; x_wconf 91' lang='lat' dir='ltr'><strong>fuerint</strong></span> <span class='ocrx_word' id='word_1_120' title='bbox 351 1968 543 2052; x_wconf 80' lang='lat' dir='ltr'><strong>duplicatae,</strong></span> <span class='ocrx_word' id='word_1_121' title='bbox 568 1973 613 2051; x_wconf 93' lang='lat' dir='ltr'><strong>ut,</strong></span> <span class='ocrx_word' id='word_1_122' title='bbox 638 1969 665 2033; x_wconf 90' lang='lat' dir='ltr'><strong>si</strong></span> <span class='ocrx_word' id='word_1_123' title='bbox 688 1969 841 2034; x_wconf 88' lang='lat' dir='ltr'><strong>subiectis</strong></span> <span class='ocrx_word' id='word_1_124' title='bbox 859 1970 984 2034; x_wconf 89' lang='lat' dir='ltr'><strong>duabus</strong></span> <span class='ocrx_word' id='word_1_125' title='bbox 1001 1970 1083 2034; x_wconf 88' lang='lat' dir='ltr'><strong>duae</strong></span> <span class='ocrx_word' id='word_1_126' title='bbox 1105 1969 1191 2034; x_wconf 85' lang='lat' dir='ltr'><strong>aliae</strong></span> <span class='ocrx_word' id='word_1_127' title='bbox 1210 1972 1478 2053; x_wconf 88' lang='lat' dir='ltr'><strong>superponantur,</strong></span> 
     </span>
     <span class='ocr_line' id='line_1_17' title="bbox 210 2075 1478 2161; baseline 0 -21"><span class='ocrx_word' id='word_1_128' title='bbox 210 2075 379 2140; x_wconf 88' lang='lat' dir='ltr'><strong>adiicietur</strong></span> <span class='ocrx_word' id='word_1_129' title='bbox 406 2075 608 2159; x_wconf 86' lang='lat' dir='ltr'><strong>profunditas</strong></span> <span class='ocrx_word' id='word_1_130' title='bbox 643 2081 675 2141; x_wconf 93' lang='lat' dir='ltr'><strong>et</strong></span> <span class='ocrx_word' id='word_1_131' title='bbox 709 2077 755 2142; x_wconf 92' lang='lat' dir='ltr'><strong>sic</strong></span> <span class='ocrx_word' id='word_1_132' title='bbox 789 2077 928 2143; x_wconf 90' lang='lat' dir='ltr'><strong>solidum</strong></span> <span class='ocrx_word' id='word_1_133' title='bbox 961 2099 1077 2160; x_wconf 87' lang='lat' dir='ltr'><strong>corpus</strong></span> <span class='ocrx_word' id='word_1_134' title='bbox 1108 2076 1254 2156; x_wconf 85' lang='lat' dir='ltr'><strong>efficitur,</strong></span> <span class='ocrx_word' id='word_1_135' title='bbox 1290 2078 1376 2161; x_wconf 91' lang='lat' dir='ltr'><strong>quod</strong></span> <span class='ocrx_word' id='word_1_136' title='bbox 1410 2078 1478 2141; x_wconf 82' lang='lat' dir='ltr'><strong>sine</strong></span> 
     </span>
     <span class='ocr_line' id='line_1_18' title="bbox 210 2182 1477 2270; baseline 0.001 -23"><span class='ocrx_word' id='word_1_137' title='bbox 210 2182 308 2249; x_wconf 91' lang='lat' dir='ltr'><strong>dubio</strong></span> <span class='ocrx_word' id='word_1_138' title='bbox 331 2187 405 2249; x_wconf 91' lang='lat' dir='ltr'><strong>octo</strong></span> <span class='ocrx_word' id='word_1_139' title='bbox 429 2183 556 2270; x_wconf 85' lang='lat' dir='ltr'><strong>angulis</strong></span> <span class='ocrx_word' id='word_1_140' title='bbox 580 2185 771 2250; x_wconf 90' lang='lat' dir='ltr'><strong>continetur.</strong></span> <span class='ocrx_word' id='word_1_141' title='bbox 817 2185 860 2252; x_wconf 85' lang='lat' dir='ltr'><strong>Et</strong></span> <span class='ocrx_word' id='word_1_142' title='bbox 885 2184 947 2250; x_wconf 90' lang='lat' dir='ltr'><strong>hoc</strong></span> <span class='ocrx_word' id='word_1_143' title='bbox 975 2184 1085 2250; x_wconf 88' lang='lat' dir='ltr'><strong>videre</strong></span> <span class='ocrx_word' id='word_1_144' title='bbox 1114 2206 1285 2269; x_wconf 82' lang='lat' dir='ltr'><strong>possumus</strong></span> <span class='ocrx_word' id='word_1_145' title='bbox 1307 2185 1342 2248; x_wconf 89' lang='lat' dir='ltr'><strong>iu</strong></span> <span class='ocrx_word' id='word_1_146' title='bbox 1364 2185 1477 2249; x_wconf 83' lang='lat' dir='ltr'><strong>taxilla</strong></span> 
     </span>
     <span class='ocr_line' id='line_1_19' title="bbox 210 2293 1169 2379; baseline 0.002 -24"><span class='ocrx_word' id='word_1_147' title='bbox 210 2313 268 2356; x_wconf 87' lang='lat' dir='ltr'><strong>seu</strong></span> <span class='ocrx_word' id='word_1_148' title='bbox 289 2295 422 2369; x_wconf 88' lang='lat' dir='ltr'><strong>tessera,</strong></span> <span class='ocrx_word' id='word_1_149' title='bbox 447 2313 528 2376; x_wconf 88' lang='lat' dir='ltr'><strong>quae</strong></span> <span class='ocrx_word' id='word_1_150' title='bbox 553 2297 586 2357; x_wconf 93' lang='lat' dir='ltr'><strong>et</strong></span> <span class='ocrx_word' id='word_1_151' title='bbox 608 2293 708 2357; x_wconf 88' lang='lat' dir='ltr'><strong>cubus</strong></span> <span class='ocrx_word' id='word_1_152' title='bbox 730 2315 848 2379; x_wconf 82' lang='lat' dir='ltr'><strong>graeco</strong></span> <span class='ocrx_word' id='word_1_153' title='bbox 871 2293 1002 2358; x_wconf 88' lang='lat' dir='ltr'><strong>nomine</strong></span> <span class='ocrx_word' id='word_1_154' title='bbox 1027 2297 1169 2358; x_wconf 88' lang='lat' dir='ltr'><strong>vocatur.</strong></span> 
     </span>
    </p>
   </div>
   <div class='ocr_carea' id='block_1_3' title="bbox 210 2588 1483 2919">
    <p class='ocr_par' dir='ltr' id='par_1_4' title="bbox 210 2588 1483 2919">
     <span class='ocr_line' id='line_1_20' title="bbox 210 2588 1482 2660; baseline 0.003 -18"><span class='ocrx_word' id='word_1_155' title='bbox 210 2588 359 2643; x_wconf 90' lang='lat' dir='ltr'><strong>hominum</strong></span> <span class='ocrx_word' id='word_1_156' title='bbox 377 2589 478 2660; x_wconf 79' lang='lat' dir='ltr'><strong>generi</strong></span> <span class='ocrx_word' id='word_1_157' title='bbox 496 2591 589 2658; x_wconf 89' lang='lat' dir='ltr'><strong>datos,</strong></span> <span class='ocrx_word' id='word_1_158' title='bbox 608 2609 696 2660; x_wconf 90' lang='lat' dir='ltr'><strong>supra</strong></span> <span class='ocrx_word' id='word_1_159' title='bbox 714 2591 824 2646; x_wconf 89' lang='lat' dir='ltr'><strong>Lunam</strong></span> <span class='ocrx_word' id='word_1_160' title='bbox 842 2594 910 2649; x_wconf 86' lang='lat' dir='ltr'><strong>sunt</strong></span> <span class='ocrx_word' id='word_1_161' title='bbox 927 2595 1046 2648; x_wconf 86' lang='lat' dir='ltr'><strong>aeterna</strong></span> <span class='ocrx_word' id='word_1_162' title='bbox 1064 2591 1168 2647; x_wconf 87' lang='lat' dir='ltr'><strong>omnia.</strong></span> <span class='ocrx_word' id='word_1_163' title='bbox 1199 2591 1272 2646; x_wconf 90' lang='lat' dir='ltr'><strong>Nam</strong></span> <span class='ocrx_word' id='word_1_164' title='bbox 1291 2608 1325 2646; x_wconf 90' lang='lat' dir='ltr'><strong>ea</strong></span> <span class='ocrx_word' id='word_1_165' title='bbox 1343 2607 1416 2660; x_wconf 89' lang='lat' dir='ltr'><strong>quae</strong></span> <span class='ocrx_word' id='word_1_166' title='bbox 1437 2594 1482 2646; x_wconf 87' lang='lat' dir='ltr'><strong>est</strong></span> 
     </span>
     <span class='ocr_line' id='line_1_21' title="bbox 211 2673 1483 2746; baseline 0.002 -17"><span class='ocrx_word' id='word_1_167' title='bbox 211 2675 307 2730; x_wconf 89' lang='lat' dir='ltr'><strong>media</strong></span> <span class='ocrx_word' id='word_1_168' title='bbox 325 2679 355 2730; x_wconf 88' lang='lat' dir='ltr'><strong>et</strong></span> <span class='ocrx_word' id='word_1_169' title='bbox 371 2693 448 2731; x_wconf 88' lang='lat' dir='ltr'><strong>nona</strong></span> <span class='ocrx_word' id='word_1_170' title='bbox 466 2676 554 2732; x_wconf 89' lang='lat' dir='ltr'><strong>tellus</strong></span> <span class='ocrx_word' id='word_1_171' title='bbox 572 2695 667 2746; x_wconf 88' lang='lat' dir='ltr'><strong>neque</strong></span> <span class='ocrx_word' id='word_1_172' title='bbox 684 2681 818 2733; x_wconf 86' lang='lat' dir='ltr'><strong>movetur</strong></span> <span class='ocrx_word' id='word_1_173' title='bbox 836 2681 866 2732; x_wconf 91' lang='lat' dir='ltr'><strong>et</strong></span> <span class='ocrx_word' id='word_1_174' title='bbox 883 2677 983 2733; x_wconf 86' lang='lat' dir='ltr'><strong>infima</strong></span> <span class='ocrx_word' id='word_1_175' title='bbox 1001 2682 1047 2733; x_wconf 89' lang='lat' dir='ltr'><strong>est</strong></span> <span class='ocrx_word' id='word_1_176' title='bbox 1065 2681 1096 2734; x_wconf 91' lang='lat' dir='ltr'><strong>et</strong></span> <span class='ocrx_word' id='word_1_177' title='bbox 1112 2673 1143 2732; x_wconf 91' lang='lat' dir='ltr'><strong>in</strong></span> <span class='ocrx_word' id='word_1_178' title='bbox 1161 2695 1224 2732; x_wconf 88' lang='lat' dir='ltr'><strong>eam</strong></span> <span class='ocrx_word' id='word_1_179' title='bbox 1240 2677 1373 2733; x_wconf 86' lang='lat' dir='ltr'><strong>feruntur</strong></span> <span class='ocrx_word' id='word_1_180' title='bbox 1385 2676 1483 2732; x_wconf 84' lang='lat' dir='ltr'><strong>omnis</strong></span> 
     </span>
     <span class='ocr_line' id='line_1_22' title="bbox 211 2762 1481 2834; baseline 0.001 -19"><span class='ocrx_word' id='word_1_181' title='bbox 211 2764 285 2816; x_wconf 91' lang='lat' dir='ltr'><strong>nutu</strong></span> <span class='ocrx_word' id='word_1_182' title='bbox 305 2778 356 2816; x_wconf 90' lang='lat' dir='ltr'><strong>sno</strong></span> <span class='ocrx_word' id='word_1_183' title='bbox 369 2764 505 2833; x_wconf 89' lang='lat' dir='ltr'><strong>pondera.</strong></span> <span class='ocrx_word' id='word_1_184' title='bbox 541 2763 634 2818; x_wconf 87' lang='lat' dir='ltr'>XVIII</span> <span class='ocrx_word' id='word_1_185' title='bbox 647 2765 688 2831; x_wconf 81' lang='lat' dir='ltr'><strong>[V]</strong></span> <span class='ocrx_word' id='word_1_186' title='bbox 707 2764 754 2819; x_wconf 88' lang='lat'><strong>18:</strong></span> <span class='ocrx_word' id='word_1_187' title='bbox 774 2763 852 2830; x_wconf 83' lang='lat' dir='ltr'><strong>Quae</strong></span> <span class='ocrx_word' id='word_1_188' title='bbox 865 2782 954 2832; x_wconf 89' lang='lat' dir='ltr'><strong>quum</strong></span> <span class='ocrx_word' id='word_1_189' title='bbox 966 2763 1096 2820; x_wconf 89' lang='lat' dir='ltr'><strong>intuerer</strong></span> <span class='ocrx_word' id='word_1_190' title='bbox 1109 2768 1237 2834; x_wconf 86' lang='lat' dir='ltr'><strong>stupens,</strong></span> <span class='ocrx_word' id='word_1_191' title='bbox 1257 2765 1290 2820; x_wconf 91' lang='lat' dir='ltr'><strong>ut</strong></span> <span class='ocrx_word' id='word_1_192' title='bbox 1307 2780 1353 2819; x_wconf 89' lang='lat' dir='ltr'><strong>me</strong></span> <span class='ocrx_word' id='word_1_193' title='bbox 1372 2762 1481 2833; x_wconf 87' lang='lat' dir='ltr'><strong>recepi:</strong></span> 
     </span>
     <span class='ocr_line' id='line_1_23' title="bbox 213 2847 1482 2919; baseline 0.001 -18"><span class='ocrx_word' id='word_1_194' title='bbox 213 2847 282 2913; x_wconf 87' lang='lat' dir='ltr'><strong>Quis</strong></span> <span class='ocrx_word' id='word_1_195' title='bbox 300 2847 360 2915; x_wconf 89' lang='lat' dir='ltr'><strong>hic,</strong></span> <span class='ocrx_word' id='word_1_196' title='bbox 384 2849 514 2917; x_wconf 88' lang='lat' dir='ltr'><strong>inquam,</strong></span> <span class='ocrx_word' id='word_1_197' title='bbox 540 2849 604 2918; x_wconf 88' lang='lat' dir='ltr'><strong>quis</strong></span> <span class='ocrx_word' id='word_1_198' title='bbox 625 2853 682 2918; x_wconf 87' lang='lat' dir='ltr'><strong>est,</strong></span> <span class='ocrx_word' id='word_1_199' title='bbox 708 2850 759 2918; x_wconf 89' lang='lat' dir='ltr'><strong>qui</strong></span> <span class='ocrx_word' id='word_1_200' title='bbox 783 2850 910 2919; x_wconf 85' lang='lat' dir='ltr'><strong>complet</strong></span> <span class='ocrx_word' id='word_1_201' title='bbox 932 2867 1016 2906; x_wconf 87' lang='lat' dir='ltr'><strong>aures</strong></span> <span class='ocrx_word' id='word_1_202' title='bbox 1041 2867 1119 2905; x_wconf 89' lang='lat' dir='ltr'><strong>meas</strong></span> <span class='ocrx_word' id='word_1_203' title='bbox 1143 2853 1242 2906; x_wconf 88' lang='lat' dir='ltr'><strong>tantus</strong></span> <span class='ocrx_word' id='word_1_204' title='bbox 1261 2854 1292 2906; x_wconf 92' lang='lat' dir='ltr'><strong>et</strong></span> <span class='ocrx_word' id='word_1_205' title='bbox 1309 2853 1370 2905; x_wconf 88' lang='lat' dir='ltr'><strong>tam</strong></span> <span class='ocrx_word' id='word_1_206' title='bbox 1390 2848 1482 2904; x_wconf 90' lang='lat' dir='ltr'><strong>dulcis</strong></span> 
     </span>
    </p>
   </div>
   <div class='ocr_carea' id='block_1_4' title="bbox 212 2934 1585 3006">
    <p class='ocr_par' dir='ltr' id='par_1_5' title="bbox 212 2934 1585 3006">
     <span class='ocr_line' id='line_1_24' title="bbox 212 2934 1585 3006; baseline 0 -18"><span class='ocrx_word' id='word_1_207' title='bbox 212 2935 319 2988; x_wconf 82' lang='lat' dir='ltr'><strong>sonus?</strong></span> <span class='ocrx_word' id='word_1_208' title='bbox 349 2934 405 2988; x_wconf 90' lang='lat' dir='ltr'><strong>Hic</strong></span> <span class='ocrx_word' id='word_1_209' title='bbox 425 2939 477 3003; x_wconf 86' lang='lat' dir='ltr'><strong>est,</strong></span> <span class='ocrx_word' id='word_1_210' title='bbox 496 2935 593 3004; x_wconf 90' lang='lat' dir='ltr'><strong>inquit</strong></span> <span class='ocrx_word' id='word_1_211' title='bbox 610 2936 669 3002; x_wconf 89' lang='lat' dir='ltr'><strong>ille,</strong></span> <span class='ocrx_word' id='word_1_212' title='bbox 689 2936 739 3004; x_wconf 89' lang='lat' dir='ltr'><strong>qui</strong></span> <span class='ocrx_word' id='word_1_213' title='bbox 756 2935 918 2990; x_wconf 86' lang='lat' dir='ltr'><strong>intervallis</strong></span> <span class='ocrx_word' id='word_1_214' title='bbox 938 2934 1108 2992; x_wconf 87' lang='lat' dir='ltr'><strong>coniunctus</strong></span> <span class='ocrx_word' id='word_1_215' title='bbox 1127 2936 1296 3006; x_wconf 87' lang='lat' dir='ltr'><strong>imparibus,</strong></span> <span class='ocrx_word' id='word_1_216' title='bbox 1316 2937 1367 2991; x_wconf 88' lang='lat' dir='ltr'><strong>sed</strong></span> <span class='ocrx_word' id='word_1_217' title='bbox 1384 2939 1481 2989; x_wconf 85' lang='lat' dir='ltr'><strong>tamen</strong></span> <span class='ocrx_word' id='word_1_218' title='bbox 1582 2969 1585 2978; x_wconf 90' lang='lat'>·</span> 
     </span>
    </p>
   </div>
   <div class='ocr_carea' id='block_1_5' title="bbox 211 3021 1487 4637">
    <p class='ocr_par' dir='ltr' id='par_1_6' title="bbox 211 3021 1487 4637">
     <span class='ocr_line' id='line_1_25' title="bbox 211 3021 1484 3092; baseline 0 -19"><span class='ocrx_word' id='word_1_219' title='bbox 211 3037 263 3091; x_wconf 90' lang='lat' dir='ltr'><strong>pro</strong></span> <span class='ocrx_word' id='word_1_220' title='bbox 283 3024 347 3076; x_wconf 89' lang='lat' dir='ltr'><strong>rata</strong></span> <span class='ocrx_word' id='word_1_221' title='bbox 363 3025 447 3092; x_wconf 90' lang='lat' dir='ltr'><strong>parte</strong></span> <span class='ocrx_word' id='word_1_222' title='bbox 465 3022 578 3078; x_wconf 88' lang='lat' dir='ltr'><strong>ratione</strong></span> <span class='ocrx_word' id='word_1_223' title='bbox 597 3021 744 3077; x_wconf 87' lang='lat' dir='ltr'><strong>distinctis</strong></span> <span class='ocrx_word' id='word_1_224' title='bbox 762 3022 889 3091; x_wconf 90' lang='lat' dir='ltr'><strong>impulsu</strong></span> <span class='ocrx_word' id='word_1_225' title='bbox 908 3025 938 3077; x_wconf 92' lang='lat' dir='ltr'><strong>et</strong></span> <span class='ocrx_word' id='word_1_226' title='bbox 955 3025 1035 3077; x_wconf 90' lang='lat' dir='ltr'><strong>motu</strong></span> <span class='ocrx_word' id='word_1_227' title='bbox 1053 3022 1183 3092; x_wconf 88' lang='lat' dir='ltr'><strong>ipsorum</strong></span> <span class='ocrx_word' id='word_1_228' title='bbox 1201 3021 1313 3078; x_wconf 89' lang='lat' dir='ltr'><strong>orbium</strong></span> <span class='ocrx_word' id='word_1_229' title='bbox 1332 3021 1484 3077; x_wconf 89' lang='lat' dir='ltr'><strong>conficitur</strong></span> 
     </span>
     <span class='ocr_line' id='line_1_26' title="bbox 212 3107 1484 3180; baseline -0.001 -19"><span class='ocrx_word' id='word_1_230' title='bbox 212 3110 243 3161; x_wconf 90' lang='lat' dir='ltr'><strong>et</strong></span> <span class='ocrx_word' id='word_1_231' title='bbox 260 3111 345 3161; x_wconf 87' lang='lat' dir='ltr'><strong>acuta</strong></span> <span class='ocrx_word' id='word_1_232' title='bbox 364 3124 428 3161; x_wconf 92' lang='lat' dir='ltr'><strong>cum</strong></span> <span class='ocrx_word' id='word_1_233' title='bbox 445 3109 581 3178; x_wconf 84' lang='lat' dir='ltr'><strong>gravibus</strong></span> <span class='ocrx_word' id='word_1_234' title='bbox 600 3112 766 3180; x_wconf 87' lang='lat' dir='ltr'><strong>temperans</strong></span> <span class='ocrx_word' id='word_1_235' title='bbox 790 3108 884 3164; x_wconf 85' lang='lat' dir='ltr'><strong>varios</strong></span> <span class='ocrx_word' id='word_1_236' title='bbox 907 3108 1101 3177; x_wconf 83' lang='lat' dir='ltr'><strong>aequabiIIter</strong></span> <span class='ocrx_word' id='word_1_237' title='bbox 1126 3111 1283 3164; x_wconf 85' lang='lat' dir='ltr'><strong>concentus</strong></span> <span class='ocrx_word' id='word_1_238' title='bbox 1303 3107 1403 3163; x_wconf 84' lang='lat' dir='ltr'><strong>eflicit:</strong></span> <span class='ocrx_word' id='word_1_239' title='bbox 1430 3123 1484 3161; x_wconf 90' lang='lat' dir='ltr'><strong>nee</strong></span> 
     </span>
     <span class='ocr_line' id='line_1_27' title="bbox 214 3193 1484 3265; baseline -0.001 -17"><span class='ocrx_word' id='word_1_240' title='bbox 214 3193 291 3248; x_wconf 90' lang='lat' dir='ltr'><strong>enim</strong></span> <span class='ocrx_word' id='word_1_241' title='bbox 309 3194 427 3249; x_wconf 90' lang='lat' dir='ltr'><strong>silentio</strong></span> <span class='ocrx_word' id='word_1_242' title='bbox 446 3195 522 3251; x_wconf 91' lang='lat' dir='ltr'><strong>tanti</strong></span> <span class='ocrx_word' id='word_1_243' title='bbox 539 3198 634 3250; x_wconf 90' lang='lat' dir='ltr'><strong>motus</strong></span> <span class='ocrx_word' id='word_1_244' title='bbox 654 3195 771 3250; x_wconf 88' lang='lat' dir='ltr'><strong>incitari</strong></span> <span class='ocrx_word' id='word_1_245' title='bbox 788 3197 911 3265; x_wconf 89' lang='lat' dir='ltr'><strong>possunt</strong></span> <span class='ocrx_word' id='word_1_246' title='bbox 930 3198 960 3250; x_wconf 89' lang='lat' dir='ltr'><strong>et</strong></span> <span class='ocrx_word' id='word_1_247' title='bbox 972 3198 1077 3250; x_wconf 85' lang='lat' dir='ltr'><strong>natura</strong></span> <span class='ocrx_word' id='word_1_248' title='bbox 1088 3195 1146 3250; x_wconf 90' lang='lat' dir='ltr'><strong>fert</strong></span> <span class='ocrx_word' id='word_1_249' title='bbox 1157 3197 1191 3249; x_wconf 92' lang='lat' dir='ltr'><strong>ut</strong></span> <span class='ocrx_word' id='word_1_250' title='bbox 1203 3197 1331 3249; x_wconf 89' lang='lat' dir='ltr'><strong>extrema</strong></span> <span class='ocrx_word' id='word_1_251' title='bbox 1344 3210 1378 3248; x_wconf 87' lang='lat' dir='ltr'><strong>ex</strong></span> <span class='ocrx_word' id='word_1_252' title='bbox 1391 3193 1484 3248; x_wconf 88' lang='lat' dir='ltr'><strong>altera</strong></span> 
     </span>
     <span class='ocr_line' id='line_1_28' title="bbox 213 3279 1484 3350; baseline 0 -17"><span class='ocrx_word' id='word_1_253' title='bbox 213 3283 296 3350; x_wconf 90' lang='lat' dir='ltr'><strong>parte</strong></span> <span class='ocrx_word' id='word_1_254' title='bbox 315 3281 450 3349; x_wconf 81' lang='lat' dir='ltr'><strong>graviter,</strong></span> <span class='ocrx_word' id='word_1_255' title='bbox 469 3299 505 3337; x_wconf 90' lang='lat' dir='ltr'><strong>ex</strong></span> <span class='ocrx_word' id='word_1_256' title='bbox 523 3281 615 3336; x_wconf 91' lang='lat' dir='ltr'><strong>altera</strong></span> <span class='ocrx_word' id='word_1_257' title='bbox 633 3285 730 3336; x_wconf 90' lang='lat' dir='ltr'><strong>autem</strong></span> <span class='ocrx_word' id='word_1_258' title='bbox 748 3285 832 3337; x_wconf 87' lang='lat' dir='ltr'><strong>acute</strong></span> <span class='ocrx_word' id='word_1_259' title='bbox 852 3284 964 3338; x_wconf 89' lang='lat' dir='ltr'><strong>sonent.</strong></span> <span class='ocrx_word' id='word_1_260' title='bbox 1001 3282 1092 3348; x_wconf 83' lang='lat' dir='ltr'><strong>Quam</strong></span> <span class='ocrx_word' id='word_1_261' title='bbox 1103 3283 1141 3337; x_wconf 93' lang='lat' dir='ltr'><strong>ob</strong></span> <span class='ocrx_word' id='word_1_262' title='bbox 1155 3298 1270 3336; x_wconf 85' lang='lat' dir='ltr'><strong>causam</strong></span> <span class='ocrx_word' id='word_1_263' title='bbox 1287 3299 1414 3335; x_wconf 90' lang='lat' dir='ltr'><strong>summus</strong></span> <span class='ocrx_word' id='word_1_264' title='bbox 1432 3279 1484 3333; x_wconf 90' lang='lat' dir='ltr'><strong>ille</strong></span> 
     </span>
     <span class='ocr_line' id='line_1_29' title="bbox 214 3365 1484 3436; baseline -0.001 -17"><span class='ocrx_word' id='word_1_265' title='bbox 214 3365 287 3421; x_wconf 88' lang='lat' dir='ltr'><strong>caeli</strong></span> <span class='ocrx_word' id='word_1_266' title='bbox 300 3366 422 3422; x_wconf 86' lang='lat' dir='ltr'><strong>stellifer</strong></span> <span class='ocrx_word' id='word_1_267' title='bbox 434 3384 541 3435; x_wconf 90' lang='lat' dir='ltr'><strong>cursus,</strong></span> <span class='ocrx_word' id='word_1_268' title='bbox 559 3367 639 3421; x_wconf 90' lang='lat' dir='ltr'><strong>cuius</strong></span> <span class='ocrx_word' id='word_1_269' title='bbox 653 3367 800 3422; x_wconf 87' lang='lat' dir='ltr'><strong>conversio</strong></span> <span class='ocrx_word' id='word_1_270' title='bbox 815 3371 859 3422; x_wconf 89' lang='lat' dir='ltr'><strong>est</strong></span> <span class='ocrx_word' id='word_1_271' title='bbox 874 3367 1054 3436; x_wconf 83' lang='lat' dir='ltr'><strong>concitatIor,</strong></span> <span class='ocrx_word' id='word_1_272' title='bbox 1073 3369 1158 3422; x_wconf 83' lang='lat' dir='ltr'><strong>acuto</strong></span> <span class='ocrx_word' id='word_1_273' title='bbox 1171 3369 1201 3422; x_wconf 91' lang='lat' dir='ltr'><strong>et</strong></span> <span class='ocrx_word' id='word_1_274' title='bbox 1214 3366 1339 3422; x_wconf 88' lang='lat' dir='ltr'><strong>excitato</strong></span> <span class='ocrx_word' id='word_1_275' title='bbox 1352 3368 1484 3421; x_wconf 89' lang='lat' dir='ltr'><strong>movetur</strong></span> 
     </span>
     <span class='ocr_line' id='line_1_30' title="bbox 215 3451 1484 3523; baseline -0.001 -17"><span class='ocrx_word' id='word_1_276' title='bbox 215 3467 293 3518; x_wconf 84' lang='lat' dir='ltr'><strong>sone,</strong></span> <span class='ocrx_word' id='word_1_277' title='bbox 311 3452 481 3521; x_wconf 76' lang='lat' dir='ltr'><strong>gravissimo</strong></span> <span class='ocrx_word' id='word_1_278' title='bbox 500 3457 598 3508; x_wconf 86' lang='lat' dir='ltr'><strong>autem</strong></span> <span class='ocrx_word' id='word_1_279' title='bbox 616 3453 664 3508; x_wconf 91' lang='lat' dir='ltr'><strong>hic</strong></span> <span class='ocrx_word' id='word_1_280' title='bbox 682 3455 791 3509; x_wconf 85' lang='lat' dir='ltr'><strong>lunaris</strong></span> <span class='ocrx_word' id='word_1_281' title='bbox 804 3457 892 3523; x_wconf 82' lang='lat' dir='ltr'><strong>etque</strong></span> <span class='ocrx_word' id='word_1_282' title='bbox 905 3455 1034 3522; x_wconf 80' lang='lat' dir='ltr'><strong>iufimus3</strong></span> <span class='ocrx_word' id='word_1_283' title='bbox 1053 3472 1120 3509; x_wconf 84' lang='lat' dir='ltr'><strong>nam</strong></span> <span class='ocrx_word' id='word_1_284' title='bbox 1137 3456 1215 3508; x_wconf 87' lang='lat' dir='ltr'><strong>terra</strong></span> <span class='ocrx_word' id='word_1_285' title='bbox 1232 3470 1310 3509; x_wconf 88' lang='lat' dir='ltr'><strong>nona</strong></span> <span class='ocrx_word' id='word_1_286' title='bbox 1327 3451 1484 3508; x_wconf 88' lang='lat' dir='ltr'><strong>immobilis</strong></span> 
     </span>
     <span class='ocr_line' id='line_1_31' title="bbox 214 3539 1485 3611; baseline 0.001 -20"><span class='ocrx_word' id='word_1_287' title='bbox 214 3554 333 3593; x_wconf 86' lang='lat' dir='ltr'><strong>manens</strong></span> <span class='ocrx_word' id='word_1_288' title='bbox 351 3556 410 3594; x_wconf 85' lang='lat' dir='ltr'><strong>una</strong></span> <span class='ocrx_word' id='word_1_289' title='bbox 428 3541 496 3595; x_wconf 89' lang='lat' dir='ltr'><strong>sede</strong></span> <span class='ocrx_word' id='word_1_290' title='bbox 514 3556 628 3610; x_wconf 90' lang='lat' dir='ltr'><strong>semper</strong></span> <span class='ocrx_word' id='word_1_291' title='bbox 646 3541 748 3596; x_wconf 87' lang='lat' dir='ltr'><strong>haeret</strong></span> <span class='ocrx_word' id='word_1_292' title='bbox 765 3541 915 3611; x_wconf 87' lang='lat' dir='ltr'><strong>complexa</strong></span> <span class='ocrx_word' id='word_1_293' title='bbox 932 3541 1060 3596; x_wconf 89' lang='lat' dir='ltr'><strong>medium</strong></span> <span class='ocrx_word' id='word_1_294' title='bbox 1077 3540 1178 3595; x_wconf 89' lang='lat' dir='ltr'><strong>mundi</strong></span> <span class='ocrx_word' id='word_1_295' title='bbox 1193 3541 1296 3595; x_wconf 90' lang='lat' dir='ltr'><strong>locum.</strong></span> <span class='ocrx_word' id='word_1_296' title='bbox 1326 3539 1376 3593; x_wconf 91' lang='lat' dir='ltr'><strong>Illi</strong></span> <span class='ocrx_word' id='word_1_297' title='bbox 1388 3541 1485 3593; x_wconf 88' lang='lat' dir='ltr'><strong>autem</strong></span> 
     </span>
     <span class='ocr_line' id='line_1_32' title="bbox 214 3623 1485 3698; baseline -0.001 -19"><span class='ocrx_word' id='word_1_298' title='bbox 214 3627 280 3681; x_wconf 90' lang='lat' dir='ltr'><strong>octo</strong></span> <span class='ocrx_word' id='word_1_299' title='bbox 293 3642 400 3693; x_wconf 86' lang='lat' dir='ltr'><strong>cursus,</strong></span> <span class='ocrx_word' id='word_1_300' title='bbox 418 3625 566 3695; x_wconf 87' lang='lat' dir='ltr'><strong>inquibus</strong></span> <span class='ocrx_word' id='word_1_301' title='bbox 581 3629 681 3682; x_wconf 86' lang='lat' dir='ltr'><strong>eadem</strong></span> <span class='ocrx_word' id='word_1_302' title='bbox 694 3627 736 3681; x_wconf 85' lang='lat' dir='ltr'><strong>vis</strong></span> <span class='ocrx_word' id='word_1_303' title='bbox 751 3630 796 3682; x_wconf 89' lang='lat' dir='ltr'><strong>est</strong></span> <span class='ocrx_word' id='word_1_304' title='bbox 808 3628 937 3695; x_wconf 89' lang='lat' dir='ltr'><strong>duorum,</strong></span> <span class='ocrx_word' id='word_1_305' title='bbox 957 3631 1069 3698; x_wconf 89' lang='lat' dir='ltr'><strong>septem</strong></span> <span class='ocrx_word' id='word_1_306' title='bbox 1087 3626 1217 3682; x_wconf 83' lang='lat' dir='ltr'><strong>efficiunt</strong></span> <span class='ocrx_word' id='word_1_307' title='bbox 1229 3625 1383 3680; x_wconf 86' lang='lat' dir='ltr'><strong>distinctos</strong></span> <span class='ocrx_word' id='word_1_308' title='bbox 1395 3623 1485 3679; x_wconf 87' lang='lat' dir='ltr'><strong>iuter·</strong></span> 
     </span>
     <span class='ocr_line' id='line_1_33' title="bbox 215 3710 1483 3781; baseline -0.001 -16"><span class='ocrx_word' id='word_1_309' title='bbox 215 3710 298 3766; x_wconf 87' lang='lat' dir='ltr'><strong>vallis</strong></span> <span class='ocrx_word' id='word_1_310' title='bbox 318 3729 414 3766; x_wconf 87' lang='lat' dir='ltr'><strong>sonos:</strong></span> <span class='ocrx_word' id='word_1_311' title='bbox 433 3713 484 3781; x_wconf 89' lang='lat' dir='ltr'><strong>qui</strong></span> <span class='ocrx_word' id='word_1_312' title='bbox 502 3730 638 3768; x_wconf 87' lang='lat' dir='ltr'><strong>numerus</strong></span> <span class='ocrx_word' id='word_1_313' title='bbox 656 3729 751 3768; x_wconf 88' lang='lat' dir='ltr'><strong>rerum</strong></span> <span class='ocrx_word' id='word_1_314' title='bbox 769 3713 897 3768; x_wconf 88' lang='lat' dir='ltr'><strong>omnium</strong></span> <span class='ocrx_word' id='word_1_315' title='bbox 915 3714 975 3768; x_wconf 89' lang='lat' dir='ltr'><strong>fere</strong></span> <span class='ocrx_word' id='word_1_316' title='bbox 992 3714 1084 3770; x_wconf 87' lang='lat' dir='ltr'><strong>nodus</strong></span> <span class='ocrx_word' id='word_1_317' title='bbox 1099 3715 1151 3781; x_wconf 92' lang='lat' dir='ltr'><strong>est,</strong></span> <span class='ocrx_word' id='word_1_318' title='bbox 1171 3712 1249 3780; x_wconf 89' lang='lat' dir='ltr'><strong>quod</strong></span> <span class='ocrx_word' id='word_1_319' title='bbox 1261 3711 1340 3767; x_wconf 90' lang='lat' dir='ltr'><strong>docti</strong></span> <span class='ocrx_word' id='word_1_320' title='bbox 1353 3711 1483 3767; x_wconf 88' lang='lat' dir='ltr'><strong>homines</strong></span> 
     </span>
     <span class='ocr_line' id='line_1_34' title="bbox 215 3796 1485 3870; baseline -0.001 -19"><span class='ocrx_word' id='word_1_321' title='bbox 215 3798 310 3852; x_wconf 86' lang='lat' dir='ltr'><strong>nervis</strong></span> <span class='ocrx_word' id='word_1_322' title='bbox 329 3799 438 3853; x_wconf 81' lang='lat' dir='ltr'><strong>imitati</strong></span> <span class='ocrx_word' id='word_1_323' title='bbox 456 3802 544 3868; x_wconf 89' lang='lat' dir='ltr'><strong>atque</strong></span> <span class='ocrx_word' id='word_1_324' title='bbox 564 3799 695 3855; x_wconf 90' lang='lat' dir='ltr'><strong>cantibus</strong></span> <span class='ocrx_word' id='word_1_325' title='bbox 715 3803 891 3870; x_wconf 89' lang='lat' dir='ltr'><strong>aperuerunt</strong></span> <span class='ocrx_word' id='word_1_326' title='bbox 909 3799 965 3856; x_wconf 93' lang='lat' dir='ltr'><strong>sibi</strong></span> <span class='ocrx_word' id='word_1_327' title='bbox 984 3799 1109 3855; x_wconf 89' lang='lat' dir='ltr'><strong>reditum</strong></span> <span class='ocrx_word' id='word_1_328' title='bbox 1132 3800 1162 3853; x_wconf 89' lang='lat' dir='ltr'><strong>in</strong></span> <span class='ocrx_word' id='word_1_329' title='bbox 1183 3799 1260 3852; x_wconf 90' lang='lat' dir='ltr'><strong>hunc</strong></span> <span class='ocrx_word' id='word_1_330' title='bbox 1278 3797 1385 3864; x_wconf 88' lang='lat' dir='ltr'><strong>locum,</strong></span> <span class='ocrx_word' id='word_1_331' title='bbox 1410 3796 1485 3850; x_wconf 92' lang='lat' dir='ltr'><strong>sicut</strong></span> 
     </span>
     <span class='ocr_line' id='line_1_35' title="bbox 215 3883 1485 3957; baseline -0.001 -20"><span class='ocrx_word' id='word_1_332' title='bbox 215 3884 280 3951; x_wconf 87' lang='lat' dir='ltr'><strong>alii,</strong></span> <span class='ocrx_word' id='word_1_333' title='bbox 311 3885 361 3954; x_wconf 91' lang='lat' dir='ltr'><strong>qui</strong></span> <span class='ocrx_word' id='word_1_334' title='bbox 382 3887 597 3955; x_wconf 88' lang='lat' dir='ltr'><strong>praestantibus</strong></span> <span class='ocrx_word' id='word_1_335' title='bbox 621 3887 747 3957; x_wconf 82' lang='lat' dir='ltr'><strong>ingeniis</strong></span> <span class='ocrx_word' id='word_1_336' title='bbox 777 3887 808 3941; x_wconf 89' lang='lat' dir='ltr'><strong>in</strong></span> <span class='ocrx_word' id='word_1_337' title='bbox 834 3887 896 3942; x_wconf 84' lang='lat' dir='ltr'><strong>vita</strong></span> <span class='ocrx_word' id='word_1_338' title='bbox 921 3887 1048 3942; x_wconf 89' lang='lat' dir='ltr'><strong>humana</strong></span> <span class='ocrx_word' id='word_1_339' title='bbox 1074 3886 1174 3941; x_wconf 84' lang='lat' dir='ltr'><strong>divina</strong></span> <span class='ocrx_word' id='word_1_340' title='bbox 1200 3885 1297 3940; x_wconf 88' lang='lat' dir='ltr'><strong>studia</strong></span> <span class='ocrx_word' id='word_1_341' title='bbox 1324 3883 1485 3939; x_wconf 87' lang='lat' dir='ltr'><strong>coluerunt.</strong></span> 
     </span>
     <span class='ocr_line' id='line_1_36' title="bbox 216 3969 1487 4044; baseline -0.001 -20"><span class='ocrx_word' id='word_1_342' title='bbox 216 3970 257 4024; x_wconf 85' lang='grc'><strong>19.</strong></span> <span class='ocrx_word' id='word_1_343' title='bbox 293 3972 355 4028; x_wconf 90' lang='lat' dir='ltr'><strong>Hoc</strong></span> <span class='ocrx_word' id='word_1_344' title='bbox 374 3973 471 4028; x_wconf 91' lang='lat' dir='ltr'><strong>sonitu</strong></span> <span class='ocrx_word' id='word_1_345' title='bbox 490 3974 625 4044; x_wconf 90' lang='lat' dir='ltr'><strong>oppletae</strong></span> <span class='ocrx_word' id='word_1_346' title='bbox 638 3991 721 4028; x_wconf 85' lang='lat' dir='ltr'><strong>aures</strong></span> <span class='ocrx_word' id='word_1_347' title='bbox 734 3973 883 4030; x_wconf 89' lang='lat' dir='ltr'><strong>hominum</strong></span> <span class='ocrx_word' id='word_1_348' title='bbox 894 3974 1120 4029; x_wconf 89' lang='lat' dir='ltr'><strong>obsurduerunt:</strong></span> <span class='ocrx_word' id='word_1_349' title='bbox 1140 3971 1194 4027; x_wconf 87' lang='lat' dir='ltr'><strong>nee</strong></span> <span class='ocrx_word' id='word_1_350' title='bbox 1207 3975 1252 4026; x_wconf 90' lang='lat' dir='ltr'><strong>est</strong></span> <span class='ocrx_word' id='word_1_351' title='bbox 1263 3971 1340 4025; x_wconf 90' lang='lat' dir='ltr'><strong>ullus</strong></span> <span class='ocrx_word' id='word_1_352' title='bbox 1352 3969 1487 4024; x_wconf 83' lang='lat' dir='ltr'><strong>hebetIor</strong></span> 
     </span>
     <span class='ocr_line' id='line_1_37' title="bbox 216 4050 1487 4129; baseline -0.002 -17"><span class='ocrx_word' id='word_1_353' title='bbox 216 4075 318 4114; x_wconf 89' lang='lat' dir='ltr'><strong>sensus</strong></span> <span class='ocrx_word' id='word_1_354' title='bbox 330 4059 361 4114; x_wconf 90' lang='lat' dir='ltr'><strong>in</strong></span> <span class='ocrx_word' id='word_1_355' title='bbox 374 4059 465 4128; x_wconf 83' lang='lat' dir='ltr'><strong>vobis,</strong></span> <span class='ocrx_word' id='word_1_356' title='bbox 479 4060 562 4129; x_wconf 90' lang='lat' dir='ltr'><strong>sicut,</strong></span> <span class='ocrx_word' id='word_1_357' title='bbox 575 4061 625 4116; x_wconf 92' lang='lat' dir='ltr'><strong>ubi</strong></span> <span class='ocrx_word' id='word_1_358' title='bbox 638 4050 719 4116; x_wconf 90' lang='lat' dir='ltr'><strong>Nilus</strong></span> <span class='ocrx_word' id='word_1_359' title='bbox 733 4063 770 4115; x_wconf 91' lang='lat' dir='ltr'><strong>ad</strong></span> <span class='ocrx_word' id='word_1_360' title='bbox 781 4060 839 4128; x_wconf 89' lang='lat' dir='ltr'><strong>illa,</strong></span> <span class='ocrx_word' id='word_1_361' title='bbox 853 4077 926 4128; x_wconf 89' lang='lat' dir='ltr'><strong>quae</strong></span> <span class='ocrx_word' id='word_1_362' title='bbox 941 4059 1091 4129; x_wconf 78' lang='lat' dir='ltr'><strong>Catadupa</strong></span> <span class='ocrx_word' id='word_1_363' title='bbox 1104 4058 1297 4124; x_wconf 88' lang='lat' dir='ltr'><strong>nominantur,</strong></span> <span class='ocrx_word' id='word_1_364' title='bbox 1311 4055 1487 4126; x_wconf 89' lang='lat' dir='ltr'><strong>praecipitat</strong></span> 
     </span>
     <span class='ocr_line' id='line_1_38' title="bbox 217 4141 1486 4218; baseline -0.005 -18"><span class='ocrx_word' id='word_1_365' title='bbox 217 4161 253 4200; x_wconf 87' lang='lat' dir='ltr'><strong>ex</strong></span> <span class='ocrx_word' id='word_1_366' title='bbox 264 4145 416 4201; x_wconf 84' lang='lat' dir='ltr'><strong>altissimis</strong></span> <span class='ocrx_word' id='word_1_367' title='bbox 428 4147 584 4216; x_wconf 89' lang='lat' dir='ltr'><strong>montibus,</strong></span> <span class='ocrx_word' id='word_1_368' title='bbox 604 4165 637 4202; x_wconf 89' lang='lat' dir='ltr'><strong>ea</strong></span> <span class='ocrx_word' id='word_1_369' title='bbox 649 4165 729 4218; x_wconf 81' lang='lat' dir='ltr'><strong>gens,</strong></span> <span class='ocrx_word' id='word_1_370' title='bbox 748 4164 822 4216; x_wconf 89' lang='lat' dir='ltr'><strong>quae</strong></span> <span class='ocrx_word' id='word_1_371' title='bbox 841 4147 924 4200; x_wconf 93' lang='lat' dir='ltr'><strong>illum</strong></span> <span class='ocrx_word' id='word_1_372' title='bbox 940 4147 1034 4200; x_wconf 90' lang='lat' dir='ltr'><strong>locum</strong></span> <span class='ocrx_word' id='word_1_373' title='bbox 1047 4145 1160 4213; x_wconf 88' lang='lat' dir='ltr'><strong>accolit,</strong></span> <span class='ocrx_word' id='word_1_374' title='bbox 1177 4146 1298 4215; x_wconf 90' lang='lat' dir='ltr'><strong>propter</strong></span> <span class='ocrx_word' id='word_1_375' title='bbox 1309 4141 1486 4213; x_wconf 78' lang='lat' dir='ltr'><strong>magnitudi-</strong></span> 
     </span>
     <span class='ocr_line' id='line_1_39' title="bbox 217 4229 1487 4290; baseline -0.004 -3"><span class='ocrx_word' id='word_1_376' title='bbox 217 4249 284 4287; x_wconf 89' lang='lat' dir='ltr'><strong>nem</strong></span> <span class='ocrx_word' id='word_1_377' title='bbox 302 4233 414 4289; x_wconf 89' lang='lat' dir='ltr'><strong>sonitus</strong></span> <span class='ocrx_word' id='word_1_378' title='bbox 434 4251 519 4290; x_wconf 88' lang='lat' dir='ltr'><strong>sensu</strong></span> <span class='ocrx_word' id='word_1_379' title='bbox 538 4235 677 4290; x_wconf 89' lang='lat' dir='ltr'><strong>audiendi</strong></span> <span class='ocrx_word' id='word_1_380' title='bbox 695 4237 781 4290; x_wconf 89' lang='lat' dir='ltr'><strong>caret.</strong></span> <span class='ocrx_word' id='word_1_381' title='bbox 813 4233 868 4287; x_wconf 89' lang='lat' dir='ltr'><strong>Hie</strong></span> <span class='ocrx_word' id='word_1_382' title='bbox 886 4251 954 4289; x_wconf 86' lang='lat' dir='ltr'><strong>vero</strong></span> <span class='ocrx_word' id='word_1_383' title='bbox 972 4235 1071 4288; x_wconf 88' lang='lat' dir='ltr'><strong>tantus</strong></span> <span class='ocrx_word' id='word_1_384' title='bbox 1091 4234 1136 4286; x_wconf 89' lang='lat' dir='ltr'><strong>est</strong></span> <span class='ocrx_word' id='word_1_385' title='bbox 1153 4231 1243 4285; x_wconf 90' lang='lat' dir='ltr'><strong>totius</strong></span> <span class='ocrx_word' id='word_1_386' title='bbox 1262 4229 1362 4283; x_wconf 91' lang='lat' dir='ltr'><strong>mundi</strong></span> <span class='ocrx_word' id='word_1_387' title='bbox 1380 4229 1487 4283; x_wconf 84' lang='lat' dir='ltr'><strong>incita-</strong></span> 
     </span>
     <span class='ocr_line' id='line_1_40' title="bbox 216 4314 1486 4390; baseline -0.004 -17"><span class='ocrx_word' id='word_1_388' title='bbox 216 4318 331 4374; x_wconf 87' lang='lat' dir='ltr'><strong>tissima</strong></span> <span class='ocrx_word' id='word_1_389' title='bbox 350 4320 537 4377; x_wconf 82' lang='lat' dir='ltr'><strong>conversione</strong></span> <span class='ocrx_word' id='word_1_390' title='bbox 556 4321 676 4390; x_wconf 90' lang='lat' dir='ltr'><strong>sonitus,</strong></span> <span class='ocrx_word' id='word_1_391' title='bbox 696 4325 729 4376; x_wconf 91' lang='lat' dir='ltr'><strong>ut</strong></span> <span class='ocrx_word' id='word_1_392' title='bbox 748 4338 813 4376; x_wconf 89' lang='lat' dir='ltr'><strong>eum</strong></span> <span class='ocrx_word' id='word_1_393' title='bbox 825 4337 908 4375; x_wconf 90' lang='lat' dir='ltr'><strong>aures</strong></span> <span class='ocrx_word' id='word_1_394' title='bbox 921 4319 1070 4376; x_wconf 88' lang='lat' dir='ltr'><strong>hominnm</strong></span> <span class='ocrx_word' id='word_1_395' title='bbox 1084 4333 1186 4389; x_wconf 89' lang='lat' dir='ltr'><strong>capere</strong></span> <span class='ocrx_word' id='word_1_396' title='bbox 1199 4316 1390 4386; x_wconf 88' lang='lat' dir='ltr'><strong>nonpossint,</strong></span> <span class='ocrx_word' id='word_1_397' title='bbox 1410 4314 1486 4369; x_wconf 88' lang='lat' dir='ltr'><strong>sicut</strong></span> 
     </span>
     <span class='ocr_line' id='line_1_41' title="bbox 216 4401 1487 4476; baseline -0.003 -17"><span class='ocrx_word' id='word_1_398' title='bbox 216 4406 327 4461; x_wconf 89' lang='lat' dir='ltr'><strong>intueri</strong></span> <span class='ocrx_word' id='word_1_399' title='bbox 345 4407 436 4462; x_wconf 90' lang='lat' dir='ltr'><strong>solem</strong></span> <span class='ocrx_word' id='word_1_400' title='bbox 453 4409 605 4464; x_wconf 88' lang='lat' dir='ltr'><strong>adversum</strong></span> <span class='ocrx_word' id='word_1_401' title='bbox 622 4408 750 4476; x_wconf 89' lang='lat' dir='ltr'><strong>nequitis</strong></span> <span class='ocrx_word' id='word_1_402' title='bbox 768 4409 888 4476; x_wconf 89' lang='lat' dir='ltr'><strong>eiusque</strong></span> <span class='ocrx_word' id='word_1_403' title='bbox 906 4407 995 4462; x_wconf 85' lang='lat' dir='ltr'><strong>radiis</strong></span> <span class='ocrx_word' id='word_1_404' title='bbox 1014 4405 1091 4460; x_wconf 87' lang='lat' dir='ltr'><strong>acies</strong></span> <span class='ocrx_word' id='word_1_405' title='bbox 1109 4406 1207 4460; x_wconf 82' lang='lat' dir='ltr'><strong>vestra</strong></span> <span class='ocrx_word' id='word_1_406' title='bbox 1224 4418 1383 4471; x_wconf 88' lang='lat' dir='ltr'><strong>sensusque</strong></span> <span class='ocrx_word' id='word_1_407' title='bbox 1396 4401 1487 4456; x_wconf 81' lang='lat' dir='ltr'><strong>rinei·</strong></span> 
     </span>
     <span class='ocr_line' id='line_1_42' title="bbox 217 4488 1412 4566; baseline -0.008 -16"><span class='ocrx_word' id='word_1_408' title='bbox 217 4500 272 4551; x_wconf 89' lang='lat' dir='ltr'><strong>tur.</strong></span> <span class='ocrx_word' id='word_1_409' title='bbox 310 4495 388 4550; x_wconf 84' lang='lat' dir='ltr'><strong>Haec</strong></span> <span class='ocrx_word' id='word_1_410' title='bbox 408 4512 461 4566; x_wconf 82' lang='lat' dir='ltr'><strong>ego</strong></span> <span class='ocrx_word' id='word_1_411' title='bbox 480 4495 624 4551; x_wconf 87' lang='lat' dir='ltr'><strong>admirans</strong></span> <span class='ocrx_word' id='word_1_412' title='bbox 643 4495 803 4550; x_wconf 89' lang='lat' dir='ltr'><strong>referebam</strong></span> <span class='ocrx_word' id='word_1_413' title='bbox 821 4497 919 4550; x_wconf 88' lang='lat' dir='ltr'><strong>tamen</strong></span> <span class='ocrx_word' id='word_1_414' title='bbox 937 4493 1035 4548; x_wconf 90' lang='lat' dir='ltr'><strong>oeulos</strong></span> <span class='ocrx_word' id='word_1_415' title='bbox 1054 4494 1090 4547; x_wconf 90' lang='lat' dir='ltr'><strong>ad</strong></span> <span class='ocrx_word' id='word_1_416' title='bbox 1108 4494 1216 4546; x_wconf 90' lang='lat' dir='ltr'><strong>terram</strong></span> <span class='ocrx_word' id='word_1_417' title='bbox 1233 4488 1412 4544; x_wconf 87' lang='lat' dir='ltr'><strong>idemtidem.</strong></span> 
     </span>
     <span class='ocr_line' id='line_1_43' title="bbox 307 4582 778 4637; baseline -0.002 0"><span class='ocrx_word' id='word_1_418' title='bbox 307 4587 317 4622; x_wconf 93' lang='lat'><strong>¹</strong></span> <span class='ocrx_word' id='word_1_419' title='bbox 334 4583 365 4637; x_wconf 88' lang='lat' dir='ltr'><strong>in</strong></span> <span class='ocrx_word' id='word_1_420' title='bbox 382 4583 458 4637; x_wconf 88' lang='lat' dir='ltr'><strong>hanc</strong></span> <span class='ocrx_word' id='word_1_421' title='bbox 476 4585 574 4637; x_wconf 90' lang='lat' dir='ltr'><strong>tamen</strong></span> <span class='ocrx_word' id='word_1_422' title='bbox 594 4582 778 4636; x_wconf 87' lang='lat' dir='ltr'><strong>sententiam.</strong></span> 
     </span>
    </p>
   </div>
   <div class='ocr_carea' id='block_1_6' title="bbox 0 0 1901 5508">
    <p class='ocr_par' dir='ltr' id='par_1_7' title="bbox 0 0 1901 5508">
     <span class='ocr_line' id='line_1_44' title="bbox 0 0 1901 5508; baseline 0 0"><span class='ocrx_word' id='word_1_423' title='bbox 0 0 1901 5508; x_wconf 95' lang='lat' dir='ltr'><strong> </strong></span> 
     </span>
    </p>
   </div>
  </div>
 </body>
</html>
