3734 5572
927 360 1143 423 „74-

402 533 607 617 pervenimus
631 532 671 598 ad
693 533 715 616 s
731 534 825 617 scr-ut
846 535 878 596 et
899 533 918 594 b
940 533 995 615 rud,
1020 553 1086 597 non
1108 531 1457 613 tanta²distantiaest
1487 531 1562 616 quia
1587 532 1674 596 aliud

402 664 461 726 per
484 642 699 723 semitonium,
725 641 812 705 aliud
834 661 910 705 vero
933 662 991 723 per
1013 644 1126 704 tonum
1150 639 1269 704 distare
1284 643 1483 707 monstratur
1505 641 1674 704 nec'simi·

404 749 480 814 liter
503 751 596 835 elgna
617 751 703 814 inter
726 771 759 813 se
783 747 906 813 distant
927 769 985 831 per
1008 748 1168 831 diapente,
1194 748 1463 831 quemadmodum
1486 747 1558 831 ipsa
1575 747 1673 812 hexa-

407 856 528 922 chorda
551 859 619 921 sive
642 861 815 942 gemmata.
860 855 954 920 Unde
977 856 1011 919 in
1033 855 1096 920 hoc
1119 876 1185 920 non
1208 857 1321 920 eodem
1344 856 1602 940 modoprocedic
1625 878 1675 922 ar-

403 970 601 1050 gumentum.
654 964 859 1048 Quapropter
887 965 1064 1028 cavendum
1094 967 1126 1028 et
1154 965 1188 1026 in
1217 962 1267 1028 his
1298 968 1330 1028 et
1356 964 1390 1028 in
1413 964 1494 1046 aliis,
1526 987 1598 1028 cunr
1624 965 1672 1028 ita

406 1073 612 1158 contingerit,
635 1095 676 1137 ne
700 1071 911 1137 consonantia
933 1071 1079 1155 perfecta
1100 1071 1134 1135 in
1157 1071 1259 1137 altero
1281 1071 1412 1138 illorum
1427 1071 1593 1158 signorum
1616 1093 1673 1155 po-

404 1185 509 1246 natur.
556 1180 610 1245 Sic
634 1203 710 1266 ergo
733 1182 752 1243 b
773 1181 822 1244 mi
842 1184 970 1244 tantum
991 1179 1192 1262 habebitne,
1221 1179 1265 1258 la,
1294 1181 1392 1244 tertia
1414 1180 1474 1243 sub
1506 1186 1538 1244 et
1561 1200 1670 1263 supra;

405 1289 463 1353 sed
485 1289 519 1352 in
543 1289 614 1372 bfo
630 1280 650 1365 t
669 1290 719 1352 ma'
737 1288 811 1353 loco
834 1289 902 1352 sive
926 1289 1029 1372 signo,
1061 1289 1115 1372 qui
1139 1286 1299 1371 duplicem
1321 1287 1428 1353 locum
1450 1287 1558 1370 habet,
1586 1287 1672 1351 idem

403 1417 530 1479 semper
552 1395 744 1478 faciendum,
777 1397 929 1480 quoniam
951 1395 1091 1478 primum
1113 1417 1243 1480 gamma
1271 1396 1450 1479 perfectum
1473 1395 1573 1460 habet
1600 1417 1672 1460 cum

402 1504 444 1585 fa,
470 1504 645 1568 secundum
667 1526 744 1568 vero
761 1526 833 1568 cum
855 1504 909 1567 mi.
945 1504 996 1567 Ita
1020 1507 1052 1568 et
1073 1503 1109 1567 in
1131 1503 1197 1567 suis
1213 1503 1344 1568 octavis.
1383 1503 1529 1568 Tertium
1544 1525 1672 1589 gamma

402 1612 551 1696 ponimus
583 1613 644 1676 hoo
673 1613 784 1676 modo:
817 1612 1018 1676 diatessaron
1039 1612 1180 1675 vremissa
1210 1611 1250 1675 ab
1273 1611 1337 1676 isto
1361 1613 1500 1676 seeundo
1523 1612 1612 1675 venit
1638 1612 1673 1674 in

406 1725 433 1783 Γ
432 1726 476 1784 at.
529 1719 676 1797 Qualiter
708 1741 785 1804 ergo
822 1741 856 1782 se
891 1718 992 1783 habet
1019 1741 1149 1804 gamma
1183 1720 1223 1783 ad
1253 1741 1391 1804 gamma,
1428 1719 1475 1783 ita
1506 1724 1538 1784 et
1568 1721 1670 1803 signa,

405 1850 487 1912 quae
509 1829 544 1891 in
568 1828 680 1892 eadem
702 1827 809 1892 locata
830 1826 953 1890 fuerint
975 1826 1166 1891 differentia.
1213 1825 1306 1891 Unde
1336 1827 1419 1892 sicut
1442 1827 1616 1892 seeundum
1638 1827 1673 1890 in

401 1937 552 2018 declae,
579 1935 627 2000 ita
655 1935 787 1998 tertium
813 1935 851 1998 in·
870 1955 953 1998 are
982 1939 1014 1998 et
1039 1934 1087 2013 iu¹
1102 1934 1174 1999 aliis
1198 1956 1335 2019 quoque.
1374 1934 1467 1998 Unde
1489 1936 1609 2018 ffaat
1635 1957 1672 1999 ac

404 2031 420 2105 t
445 2044 483 2127 sa
509 2065 544 2107 re
567 2043 616 2107 sol
638 2047 765 2108 tantum
792 2046 920 2125 tenent·
950 2043 1007 2106 sed
1033 2032 1050 2123 t
1072 2043 1121 2106 mi
1139 2043 1272 2126 insuper
1297 2043 1343 2106 mi
1366 2043 1492 2107 obtinet
1514 2043 1669 2127 quintam.

402 2149 475 2233 Sic,'
492 2172 564 2214 cum
587 2151 628 2215 ad
650 2173 665 2214 e
687 2151 781 2214 ter-cru
804 2154 933 2214 acutum
955 2151 1111 2234 pervenit,
1135 2142 1219 2232 tuci
1241 2154 1273 2214 et
1296 2151 1421 2214 elo-'ma'
1439 2156 1476 2215 ut
1498 2151 1543 2214 mi
1567 2150 1670 2216 solla

401 2262 522 2323 tenent.
560 2258 624 2323 Sed
646 2247 718 2341 'Vfo
739 2256 781 2339 la,
807 2259 882 2342 quia
905 2257 1027 2342 quinta,
1051 2259 1106 2341 mi,
1127 2257 1279 2342 quoniam
1296 2263 1418 2340 octava,
1443 2258 1595 2342 perfectis
1619 2280 1671 2322 oa-

399 2366 493 2430 rebit.
544 2365 637 2430 Unde
664 2366 832 2452 vulgatum
867 2369 917 2430 est
944 2390 963 2430 a
994 2366 1144 2450 practicis
1173 2367 1222 2428 mi
1252 2370 1364 2430 contra
1390 2367 1429 2450 fu
1459 2386 1519 2430 nec
1549 2390 1565 2430 e
1594 2388 1670 2430 oon-

403 2475 504 2538 trario
534 2475 568 2536 in
592 2475 698 2557 specie
721 2473 866 2557 perfecta
892 2496 1068 2558 numquam
1090 2473 1245 2553 fiendum;
1273 2473 1307 2537 in
1334 2473 1533 2564 imperfectis
1562 2478 1669 2538 autem

405 2582 498 2660 bene,
524 2581 599 2665 quia
621 2581 781 2665 recipiunt
803 2582 1022 2646 maioritatem
1046 2585 1078 2646 et
1093 2581 1321 2646 minoritatem.
1368 2582 1487 2660 Errant
1505 2587 1615 2646 tamen
1636 2583 1671 2645 in

401 2689 464 2754 hoc
487 2712 545 2773 per
568 2689 737 2771 defectum,
764 2689 916 2773 quoniam
937 2689 1018 2753 illud
1040 2690 1128 2754 idem
1152 2694 1184 2753 et
1207 2690 1246 2754 de
1270 2689 1342 2754 aliis
1365 2694 1474 2774 potest
1497 2691 1560 2754 dici
1583 2691 1666 2755 voci-

399 2799 469 2878 bus,
494 2801 530 2860 ut
552 2797 649 2880 paulo
671 2801 745 2880 post
768 2798 983 2862 ostendemus.

439 2931 441 2936 ’
492 2903 572 2969 Cum
596 2908 703 2968 autem
720 2909 869 2988 quartum
891 2927 1022 2990 gamma
1049 2905 1181 2970 existis
1204 2928 1396 2989 componere
1419 2907 1509 2989 velis,
1534 2929 1552 2970 a
1574 2909 1671 2973 tertio

401 3013 552 3096 diapente
579 3012 708 3076 intensa
735 3014 769 3076 in
797 3015 820 3076 d
844 3015 941 3078 sol-rc
969 3014 1067 3094 cadit3
1099 3015 1183 3077 unde
1215 3014 1308 3099 signa
1337 3015 1487 3098 diapente
1517 3014 1670 3079 distantia

402 3122 532 3185 easdem
555 3121 781 3187 consonantias
804 3120 979 3186 habebunt.
1026 3122 1110 3185 Nam
1134 3123 1217 3186 sicut
1244 3121 1279 3185 in
1307 3122 1405 3187 tertio
1436 3127 1485 3186 est
1507 3143 1527 3186 u
1548 3143 1592 3204 re,
1621 3123 1668 3185 ita

401 3235 434 3293 et
455 3228 627 3313 inquarto
649 3231 781 3312 emani,
807 3229 882 3312 quia
904 3251 948 3311 re,
973 3230 1015 3312 fa,
1039 3229 1079 3293 la.
1127 3229 1192 3293 Sed
1216 3250 1287 3293 eum
1310 3230 1392 3293 dard
1411 3252 1448 3294 ao
1470 3231 1589 3313 ssa-ut
1603 3231 1669 3294 dia-

399 3341 496 3418 pente
519 3357 585 3400 non
608 3336 765 3420 differant,
790 3337 812 3420 s
821 3337 913 3420 saut
934 3337 1078 3420 perfecta
1101 3337 1232 3402 carebit.
1280 3335 1345 3401 Sed
1366 3342 1515 3421 quartum
1537 3338 1572 3400 in
1588 3333 1604 3410 t
1622 3339 1670 3400 rai

401 3443 484 3508 sicut
499 3444 632 3507 tertium
647 3445 681 3508 in
696 3445 824 3528 clarui,
843 3445 918 3528 quia
934 3449 979 3526 ut,
991 3467 1035 3524 re,
1053 3444 1096 3526 fa,
1108 3445 1154 3525 la3
1172 3433 1187 3509 t
1196 3446 1234 3529 so
1246 3449 1355 3509 autem
1371 3445 1523 3529 perfectis
1536 3445 1667 3510 carebit.

487 3550 581 3629 Quod
608 3552 636 3615 si
659 3553 806 3636 quintum
829 3574 938 3617 creare
966 3574 1096 3637 gamma
1118 3574 1282 3636 procuras
1314 3553 1515 3617 diatessaron
1542 3553 1583 3617 ab
1605 3552 1669 3617 isto

399 3660 556 3741 remittas,
582 3660 668 3743 quod
690 3683 709 3724 a
731 3682 765 3724 re
788 3664 927 3724 notatur.
974 3660 1079 3746 Igitur
1094 3661 1196 3747 signa,
1221 3683 1302 3745 quae
1320 3661 1521 3725 diatessaron
1537 3661 1679 3742 distant.

401 3767 530 3831 easdem
559 3767 786 3832 consonantias
815 3766 991 3833 habebunt.
1044 3768 1137 3833 Unde
1168 3769 1252 3834 sicut
1280 3773 1429 3853 quartum
1457 3768 1492 3832 in
1522 3790 1537 3831 e
1564 3769 1666 3850 ter-rut,

398 3875 446 3938 ita
469 3874 617 3959 quintum
642 3876 676 3938 in
703 3877 846 3940 basiet
872 3875 907 3939 in
930 3877 1001 3940 aliis
1030 3878 1144 3942 eodem
1170 3878 1267 3941 modo
1297 3877 1499 3940 distantibus
1548 3875 1613 3939 Sed
1634 3876 1669 3939 in

399 3975 483 4062 trud
505 3981 652 4066 quintum
675 3981 819 4062 habebit,
850 3985 936 4068 quod
966 3988 1115 4068 quartum
1136 3985 1171 4048 in
1194 4007 1209 4048 e
1231 3986 1326 4048 trs-'ma‘
1347 3984 1453 4049 tenuit
1475 3988 1578 4048 acuto.
1625 3983 1669 4046 At

399 4093 509 4152 tamen
532 4071 548 4148 t
572 4090 618 4172 fa,
650 4091 725 4173 quia
750 4090 832 4154 nulli
854 4092 1118 4175 proportionatur
1146 4092 1181 4155 in
1208 4092 1280 4156 istis
1304 4092 1428 4156 duobus
1455 4090 1668 4158 hexaohordis

400 4196 467 4259 sive
490 4197 716 4281 gemmatibus‚
740 4198 814 4264 ideo
837 4200 976 4264 maxime
1000 4201 1040 4264 ab
1057 4199 1207 4265 omnibus
1231 4199 1348 4282 differt,
1374 4200 1525 4284 quoniam
1540 4203 1668 4263 tantum

399 4301 536 4368 habebit
557 4305 603 4368 mi
629 4305 662 4368 fa
690 4310 814 4370 sextam
836 4307 993 4370 maiorem
1020 4312 1116 4390 atque
1140 4308 1298 4372 minorem
1331 4313 1363 4371 et
1389 4309 1422 4370 in
1446 4306 1509 4372 alio
1538 4306 1667 4370 abillis

400 4411 604 4493 compositas.

486 4518 630 4604 Cumque
655 4526 782 4586 sextum
804 4521 1045 4586 hexachordum
1069 4543 1176 4586 creare
1199 4543 1361 4605 procures,
1387 4543 1405 4584 a
1427 4523 1530 4605 primo
1548 4522 1687 4617 diates-¹
1749 4533 1750 4538 ’

400 4645 497 4689 saron
519 4625 677 4712 intendas,
703 4630 789 4713 quod
810 4630 895 4693 inter
918 4650 939 4692 o
953 4630 1020 4692 ret
1039 4631 1087 4692 rui
1108 4629 1233 4693 locatur
1257 4629 1435 4693 coniuncta.
1482 4627 1568 4711 Ergo
1584 4628 1667 4692 siout
