3734 5572
680 358 917 422 -111-Ἰ

161 513 255 597 dividi
284 537 388 612 solent,
415 535 473 596 nisi
501 535 630 614 intelligi
656 535 787 596 voluerit
812 537 844 596 in
872 536 1040 612 prolatione
1067 532 1209 615 perfecta,
1239 555 1319 614 quae*
1343 541 1430 600 semi·
1469 612 1472 617 .

160 643 281 702 brevem
296 644 357 700 tres
368 641 400 698 in
411 639 547 700 minimas
557 639 703 716 pertitur3
719 643 852 716 tuncque
865 629 964 700 sanius
976 641 1097 700 dixisset
1105 641 1137 699 in
1147 641 1331 717 perfectione
1343 645 1430 704 semi-

160 746 306 807 brevium.
345 745 502 804 Praeterea
525 762 585 820 quo
600 744 665 802 iure
686 744 744 803 hoc
767 745 851 821 signo
870 745 892 800 Ε
914 742 1019 804 uohrla
1035 763 1170 822 quaeque
1184 746 1360 822 syllabicata
1380 768 1429 808 sex
1539 784 1541 788 ·

162 869 314 911 mensuras
337 841 491 926 obtinebit,
516 867 584 908 eum
607 847 702 906 omnis
723 847 840 925 integra
860 865 1003 908 mensura
1020 849 1146 926 systoles
1173 850 1289 934 seilicet
1315 856 1346 911 et
1367 852 1429 935 diaf

160 955 252 1015 stoles
274 952 389 1012 duabus
411 954 529 1011 tantum
551 951 680 1010 minimis
703 954 841 1012 contenta
863 951 902 1010 sit
923 948 985 1011 sive
1006 951 1037 1011 in
1059 953 1164 1012 maiori
1184 955 1350 1029 prolatione
1363 1003 1369 1014 .
1384 1003 1391 1015 .
1405 1001 1427 1034 .,

161 1060 224 1118 sive
245 1057 277 1116 in
297 1055 466 1133 prolatione
488 1055 670 1114 minori...
694 1053 809 1114 Rursus
830 1073 924 1130 pausa
944 1056 1087 1132 temporis
1109 1057 1140 1115 in
1162 1058 1309 1136 principio
1332 1061 1430 1137 posita

161 1181 220 1221 non
248 1163 293 1220 est
314 1151 432 1246 signum
454 1157 645 1236 perfeetionis
666 1159 698 1217 in
725 1164 868 1236 tempore,
896 1158 947 1218 sad
973 1162 1018 1218 est
1043 1159 1139 1236 figura
1166 1155 1372 1225 mensurabilis
1397 1167 1428 1226 in

159 1264 378 1338 taciturnitat03
402 1282 470 1321 nam
492 1263 610 1340 signum
631 1263 774 1338 temporis
794 1262 921 1338 perfecti
944 1266 989 1321 est
1012 1263 1150 1344 cuculus,
1175 1265 1342 1342 imperfecti
1356 1261 1427 1330 vero

159 1373 204 1428 est
226 1367 439 1428 semicirculus.
476 1351 478 1358 ¹

248 1472 322 1532 Cum
343 1471 446 1547 itaque
467 1469 603 1545 procedis
625 1469 772 1529 diatonica
787 1489 804 1528 a
818 1471 915 1546 prima
930 1471 1043 1546 syllaba
1057 1469 1094 1530 ad
1109 1472 1268 1532 secundam
1282 1472 1428 1536 intensive
1508 1451 1510 1456 ,

159 1577 300 1637 videlicet
322 1596 340 1635 a
361 1580 393 1633 tu
415 1574 452 1634 ad
467 1573 499 1632 lu
513 1574 586 1634 facis
605 1573 816 1632 semiditonum
830 1573 981 1633 intensum
997 1578 1027 1634 et
1041 1595 1059 1633 a
1074 1574 1105 1632 lu
1120 1575 1157 1634 ad
1169 1593 1239 1634 meu
1254 1596 1269 1635 e
1286 1595 1426 1639 converso

160 1681 329 1740 demissum.
353 1679 468 1739 Rursus
480 1698 497 1736 a
508 1682 541 1735 tu
552 1677 588 1736 ad
596 1675 678 1752 splen
690 1679 735 1735 est
745 1675 927 1736 diatesseron
938 1677 1053 1736 intensa
1064 1680 1095 1736 et
1105 1660 1122 1735 a
1133 1677 1215 1754 splen
1225 1679 1262 1737 ad
1273 1680 1327 1738 dor
1337 1683 1427 1742 tonus

158 1785 298 1844 remissus
314 1787 404 1859 atque
419 1803 437 1841 a
451 1781 504 1840 dor
517 1780 555 1839 ad
563 1779 735 1856 petiuerit
753 1781 887 1840 intensus
902 1783 1000 1840 tonus.
1024 1781 1091 1840 Hoc
1107 1781 1227 1858 quidem
1243 1783 1427 1846 diatonicum

159 1907 194 1948 ao
209 1889 343 1948 naturale
360 1905 453 1964 genus
468 1884 629 1944 secundum
653 1883 793 1943 Boetium
815 1888 845 1942 et
861 1882 1028 1943 Guidonem
1050 1903 1118 1944 sane
1133 1886 1314 1961 productum
1329 1892 1382 1948 est.

243 1992 358 2050 Verum
385 1988 565 2049 chromatice
594 1987 750 2047 concinens
777 1987 912 2064 procedis
939 2007 956 2045 a
978 1992 1010 2045 tu
1032 1987 1069 2046 ad
1091 1986 1123 2045 lu
1148 1989 1340 2066 incompositi
1361 1995 1427 2053 toni

158 2095 325 2156 intervallo.
350 2092 463 2164 Quodsi
483 2092 515 2150 in
536 2090 568 2149 F
577 2089 660 2165 fo-ut
685 2091 761 2150 esset
788 2091 880 2149 altera
902 2088 1023 2168 syllaba,
1046 2093 1135 2150 tonus
1156 2092 1220 2168 ipse
1243 2113 1260 2152 a
1282 2100 1314 2153 tu
1336 2097 1373 2154 ad
1395 2097 1426 2155 lu

159 2199 341 2274 compositus
363 2196 513 2256 diceretur
534 2212 568 2253 ae
583 2193 699 2252 duobus
716 2193 863 2253 distinctis
878 2195 1041 2253 semitoniis
1056 2197 1233 2274 cantaretur,
1255 2200 1294 2256 ut
1307 2200 1426 2270 asseris;

159 2302 210 2360 sed
231 2302 288 2360 hoc
309 2300 432 2376 quidem
453 2299 563 2358 falsum
585 2299 638 2358 est.
676 2295 752 2356 Nam
773 2296 805 2355 in
828 2314 1018 2374 quocumque
1038 2296 1228 2359 tetrachordo
1245 2299 1426 2362 chromatico

159 2406 219 2464 duo
248 2404 384 2483 graviora
417 2402 641 2462 semitoniorum
669 2401 764 2477 spatia
789 2419 849 2460 non
876 2401 1027 2478 integrant
1052 2403 1171 2480 tonum,
1202 2407 1238 2461 ut
1268 2402 1425 2465 Severinus

159 2509 296 2586 disponit,
326 2506 407 2584 quod
435 2509 466 2565 et
492 2525 547 2565 nos
569 2503 690 2582 quidem
711 2505 808 2581 primo
830 2524 864 2564 ao
887 2504 1016 2564 seeundo
1039 2509 1130 2582 atque
1153 2507 1279 2583 septimo
1302 2510 1425 2570 secundi

159 2612 195 2671 de
216 2612 369 2672 harmonia
390 2610 523 2687 apertius
545 2609 782 2669 monstravimus.
829 2607 886 2668 Sed
906 2627 1003 2685 neque
1025 2609 1229 2688 Aristoxenus
1253 2611 1315 2671 sive
1338 2613 1425 2672 chro-

157 2717 300 2776 maticum
321 2716 419 2792 molle,
445 2714 506 2774 sive
530 2714 744 2796 chromaticum
765 2712 991 2790 sesqualterum,
1020 2731 1073 2772 seu
1096 2715 1185 2774 etiam
1208 2716 1424 2776 chromaticum

157 2820 309 2880 toniaeum
331 2819 495 2896 deduxeris,
519 2817 579 2877 duo
595 2818 731 2895 graviora
744 2816 927 2875 tetrachordi
941 2817 1036 2894 spatia
1049 2820 1121 2877 tono
1136 2819 1284 2894 aequavit.
1322 2812 1424 2880 Ptole-

157 2941 258 2982 maeus
269 2911 389 3000 quoque
401 2923 461 2982 duo
476 2922 541 2998 ipsa
556 2923 651 2999 spatia
665 2921 803 3000 graviora
818 2920 991 2980 chromatici
1007 2921 1106 2980 mollis
1120 2924 1192 2980 tono
1207 2922 1296 3000 longe
1309 2924 1424 3002 minora

158 3027 322 3087 constituit.
361 3025 437 3086 Nam
459 3027 673 3086 chromaticum
694 3024 918 3085 tetrachordum
939 3025 1059 3084 nullum
1073 3025 1201 3084 sustinet
1214 3025 1279 3085 toni
1293 3026 1424 3102 praecise

157 3131 287 3208 spatium
309 3130 422 3190 duabus
443 3131 577 3191 tribusve
601 3130 718 3190 chordis
741 3128 918 3188 examussim
945 3128 1134 3204 productum.
1179 3128 1215 3186 Id
1241 3130 1321 3189 idem
1349 3131 1423 3190 dicis

158 3236 274 3295 evenire
290 3255 307 3293 a
322 3233 353 3292 lu
368 3233 404 3292 ad
424 3251 500 3311 uma,
526 3235 640 3294 scilieet
660 3237 766 3293 tonum
788 3231 1020 3308 incompositum
1035 3231 1215 3310 depressum,
1241 3234 1322 3308 quod
1344 3233 1423 3293 idem

158 3343 202 3398 est
215 3337 431 3398 inconveniens.
455 3335 590 3413 Namque
606 3336 674 3396 dato
690 3355 750 3400 uno
765 3335 985 3396 inconvenienti
1000 3337 1096 3395 multa
1110 3338 1286 3412 sequuntur.
1310 3337 1424 3396 Verum

157 3463 174 3500 a
196 3447 228 3499 tu
249 3441 287 3500 ad
308 3441 390 3517 splen
410 3441 488 3499 nulli
510 3440 636 3500 dubium
658 3444 711 3516 est,
735 3440 808 3516 quin
830 3439 1009 3499 diatessaron
1032 3440 1159 3516 intersit,
1182 3460 1252 3499 nam
1266 3441 1377 3500 alinea
1391 3443 1423 3500 iu

157 3545 287 3620 spatium
307 3545 461 3620 utrimque
482 3545 531 3606 vel
551 3547 641 3603 tonus
666 3543 715 3603 vel
742 3542 931 3602 semitonium
959 3561 1012 3618 per
1039 3543 1174 3602 notulam
1200 3543 1249 3603 vel
1278 3544 1422 3620 syllabam

157 3648 341 3727 describitur,
365 3648 545 3708 discernitur
567 3651 597 3706 et
619 3650 764 3706 cantatur.
802 3647 841 3705 Et
863 3667 880 3704 a
901 3646 983 3722 splen
1002 3645 1039 3729 ad
1053 3645 1107 3705 dor
1120 3646 1172 3705 fiet
1186 3646 1423 3708 trihemitonium

158 3751 323 3812 demissum.
370 3752 483 3823 Quodsi
504 3751 536 3810 in
557 3751 704 3810 anteriore
731 3750 845 3810 scilicet
871 3749 1019 3810 diatonica
1045 3750 1193 3825 positione
1218 3751 1312 3810 fuerit
1332 3756 1422 3812 tonus

156 3855 294 3914 remissus
316 3876 334 3914 a
354 3857 438 3932 splen
459 3855 496 3914 ad
518 3854 579 3931 dor,
612 3854 761 3930 quomodo
787 3854 1034 3914 transmutabitur
1061 3854 1192 3930 spatium
1217 3855 1282 3914 toni
1307 3855 1339 3913 in
1368 3837 1422 3914 tri-

157 3959 364 4036 hemitonium,
392 3961 450 4020 nisi
475 3959 541 4037 ipsa
569 3957 682 4034 syllaba
707 3957 761 4016 dor
786 3957 835 4018 vel
864 3957 926 4016 eius
954 3957 1059 4016 notula
1086 3957 1181 4016 fuerit
1207 3959 1363 4018 semitonio
1390 3960 1421 4017 in

157 4081 245 4140 grave
260 4059 415 4138 deposita?
453 4062 529 4123 llam
542 4061 704 4121 immobilis
725 4079 899 4138 permanens
920 4061 1034 4122 nullam
1056 4063 1188 4136 praestat
1210 4061 1305 4138 spatio
1325 4062 1421 4122 varie-

155 4169 259 4244 tatem,
282 4168 318 4223 ut
340 4185 376 4224 ex
397 4168 543 4226 annotatis
564 4165 649 4225 libris
670 4165 758 4224 facile
780 4164 954 4240 percipitur.
1001 4162 1091 4223 Seeus
1114 4168 1214 4223 autem
1239 4165 1271 4223 in
1299 4167 1420 4226 musicis

156 4267 369 4345 instrumentis,
392 4267 446 4326 ubi
468 4269 584 4347 singula
606 4269 779 4328 diastemata
800 4268 883 4326 iuxta
896 4268 1011 4343 proprii
1025 4268 1142 4345 generis
1156 4267 1283 4327 formam
1298 4269 1421 4330 chordas

157 4473 285 4540 Zeiehen‚
304 4470 412 4526 welche
432 4469 513 4524 eine
529 4470 693 4526 Perleetion
705 4470 736 4525 in
753 4470 816 4524 sich
832 4469 990 4539 begreifen,
1009 4469 1090 4524 scien
1109 4471 1179 4524 aber
1198 4470 1248 4524 der
1265 4469 1418 4526 Halblrrais
1526 4537 1527 4542 ἵ

156 4561 213 4615 und
232 4561 283 4614 der
294 4558 392 4612 Punlrt
403 4557 434 4611 in
448 4556 620 4626 demselbeu,
638 4557 765 4612 ntimlich
786 4564 824 4620 Ε.
848 4555 914 4610 Und
933 4555 1025 4612 dieses
1045 4555 1167 4612 Zeiehen
1186 4555 1228 4611 sei
1239 4574 1296 4612 von
1309 4557 1417 4612 seinem

157 4645 261 4700 lrehrer
278 4643 483 4714 beabsichtigt.
