3742 5528
712 327 929 398 -63,-

189 499 374 584 septimam;
407 501 550 566 secunda
573 522 650 566 vero
676 501 781 566 maior
809 505 864 584 aut
892 502 1013 586 minor,
1050 505 1125 588 quia
1153 508 1249 570 tonus
1278 510 1333 569 aut
1361 507 1457 570 semi-

187 608 327 688 tonium;
365 613 479 693 quarta
506 608 668 691 similiter,
705 608 781 693 quia
810 610 1012 674 diatessaron
1042 617 1098 677 aut
1131 613 1283 692 tritonus;
1319 614 1457 698 septima

188 717 301 782 eodem
318 717 424 800 modo,
450 717 525 801 quia
544 716 659 801 heptas
682 717 786 783 maior
809 721 864 782 aut
886 716 1001 783 minor.
1040 717 1104 783 Sed
1128 720 1358 786 concordantes
1382 726 1458 786 sunt

187 824 355 908 unisonus,
387 825 497 908 tertia,
531 825 656 909 quinta,
691 829 796 908 sexta,
825 828 947 892 octava.
992 825 1042 890 De
1071 827 1208 893 unisono
1237 832 1347 910 tamen
1361 829 1457 892 nulli

188 932 329 1016 dubium,
355 933 430 1016 quia
444 933 531 997 idem
552 955 571 997 a
594 955 628 996 se
651 933 724 1015 ipso
745 954 811 1016 non
833 933 949 998 differt.
987 933 1056 998 Nec
1078 940 1250 1018 propterea
1270 935 1357 1014 inter
1380 959 1457 1002 oon-

188 1040 353 1110 sonantias
376 1045 588 1124 computatur,
615 1039 690 1124 quia
713 1040 925 1105 consonantia
947 1063 1012 1106 non
1036 1047 1085 1106 est
1107 1042 1263 1107 similium
1283 1044 1341 1109 sed
1363 1044 1457 1109 dissi-

186 1147 312 1211 milium
326 1147 361 1212 in
384 1170 483 1212 unum
505 1137 829 1214 redacta'concordia
852 1153 909 1214 aut
931 1149 1135 1215 dissimilium
1158 1173 1256 1216 sonus
1277 1153 1455 1236 permixtus

188 1261 220 1320 et
243 1255 417 1321 conformis
441 1257 645 1341 suaviterque
669 1255 800 1321 auribus
823 1257 981 1340 accidens,
1010 1257 1209 1324 dissonantia
1230 1281 1307 1324 vero
1331 1281 1455 1346 aspera,

186 1369 223 1428 ut
245 1365 503 1446 airssoetius1,
526 1371 560 1428 et
580 1363 754 1428 iniucunda
776 1363 912 1448 collisio,
937 1367 1011 1449 quia
1034 1371 1169 1451 uterque
1191 1367 1319 1453 integer
1341 1369 1456 1433 nititur

186 1471 355 1556 pervenire
389 1493 449 1536 nec
487 1472 569 1536 alter
603 1471 697 1538 alteri
728 1472 827 1555 cedit,
865 1477 902 1536 ut
938 1472 1035 1538 latius
1065 1474 1100 1538 in
1136 1474 1289 1540 theoricis
1319 1477 1455 1542 demon-

186 1580 368 1645 strabimus.
1262 1661 1264 1666 ,
1439 1645 1442 1652 .

272 1687 331 1752 Est
346 1692 456 1752 tamen
470 1689 626 1752 unisonus
648 1688 683 1752 in
705 1688 827 1754 musica
850 1688 933 1753 sicut
954 1689 1061 1755 unitas
1084 1691 1119 1755 in
1141 1690 1344 1778 arithmetica
1366 1692 1455 1775 prin-

186 1795 306 1878 cipium
328 1817 542 1878 numerorum,
567 1795 640 1860 fons
665 1799 697 1860 et
719 1795 810 1881 origo
834 1798 1143 1862 consonantiarum2.
1163 1850 1168 1857 ,
1187 1798 1333 1865 Unisono
1354 1799 1456 1886 igitur

184 1904 412 1985 praetermisso
441 1903 582 1968 dicemus
613 1903 737 1987 species
766 1905 996 1969 concordantes
1025 1903 1162 1990 quatuor
1193 1929 1277 1991 esse,
1315 1907 1452 1972 scilicet:

184 2013 325 2096 tertiam,
350 2011 503 2095 quintam,
528 2014 653 2074 sextam
677 2014 709 2090 et
732 2001 887 2092 octavam,
918 2034 1058 2100 quarum⁴
1078 2014 1158 2078 duae
1182 2019 1257 2079 sunt
1278 2017 1451 2100 perfectae,

186 2119 298 2203 quinta
320 2119 447 2183 scilicet
468 2121 500 2182 et
523 2121 645 2200 octava,
675 2117 885 2202 imperfectae
908 2141 985 2184 vero
1007 2120 1105 2186 tertia
1129 2125 1282 2185 etsexta.
1329 2123 1453 2206 Imper-

185 2226 290 2291 feotae
320 2225 405 2290 enim
434 2226 596 2308 dicuntur,
625 2227 777 2310 quoniam
801 2229 872 2310 (pag.
889 2231 931 2309 52)
955 2227 1128 2293 variabiles
1155 2230 1264 2312 sunt*,
1294 2230 1369 2313 quia
1396 2253 1455 2314 per

184 2333 382 2398 additionem
398 2333 562 2398 semitonii
577 2333 629 2398 vel
645 2334 900 2398 subtractionem
915 2336 1159 2399 consonantiam
1181 2357 1247 2401 non
1268 2339 1453 2420 mutant**,

185 2443 243 2506 sed
265 2459 392 2525 semper
414 2443 497 2506 bene
520 2445 644 2524 sonant,
675 2440 736 2506 hoo
760 2446 810 2507 est
831 2441 929 2505 tertia
952 2443 1103 2508 ditonalis
1127 2443 1179 2509 vel
1207 2445 1450 2509 semiditonalis.

186 2548 251 2614 Sed
267 2548 375 2615 differt
393 2550 429 2613 in
449 2549 522 2632 hoc,
546 2549 621 2633 quie
642 2549 699 2612 illa
723 2548 840 2614 dicitur
861 2549 973 2632 maior,
997 2554 1061 2614 ista
1083 2572 1160 2615 vero
1182 2551 1296 2615 minor.
1336 2551 1390 2617 Sic
1414 2552 1453 2617 de

183 2661 274 2722 sexta
298 2657 482 2736 dicendum,
512 2656 661 2740 diapente
690 2679 762 2721 cum
788 2661 866 2721 tono
893 2658 945 2721 vel
974 2679 1045 2722 cum
1072 2658 1244 2724 semitonio
1273 2663 1322 2723 est
1350 2659 1454 2724 maior

182 2765 346 2830 minorve,
389 2763 510 2830 Octava
539 2786 615 2829 vero
643 2787 703 2829 neo
732 2769 941 2850 augmentum
970 2765 1086 2848 recipit
1111 2788 1171 2832 nec
1201 2766 1451 2850 decrementum,

185 2875 261 2957 quin
278 2873 423 2938 dissonet
440 2877 472 2938 et
487 2873 657 2955 discordet,
683 2872 758 2956 quia
781 2894 908 2956 semper
932 2872 1071 2958 quinque
1095 2877 1191 2939 tonos
1215 2878 1247 2938 et
1271 2874 1333 2940 duo
1356 2874 1452 2940 semi-

182 2982 273 3056 tonia
294 2982 364 3046 vult
386 2981 505 3047 habere
528 3004 588 3046 neo
610 2981 683 3066 plus
705 3003 765 3046 nec
787 2982 907 3060 minus3
936 2981 1074 3066 ideoque
1097 2981 1333 3064 perfectissima
1356 3005 1452 3048 voca-

181 3094 235 3155 tur
258 3095 291 3154 et
314 3091 497 3173 aequisona,
531 3091 606 3174 quia
628 3112 729 3174 aeque
751 3090 880 3154 videtur
902 3111 1017 3155 sonare
1040 3112 1113 3155 cum
1135 3089 1241 3182 prima
1269 3091 1351 3178 siout
1379 3072 1452 3154 uni-

182 3211 288 3264 sonus.
305 3285 306 3290 ἵ
328 3197 422 3262 Unde
437 3198 466 3262 si
481 3198 529 3260 vir
545 3219 733 3280 cum‘puero
747 3197 886 3280 psallat,
899 3199 933 3260 in
955 3199 1090 3263 unisono
1101 3198 1263 3262 ¹videntur
1287 3202 1319 3261 et
1341 3181 1451 3264 tamen

182 3306 312 3370 suntin
340 3309 462 3371 octava.
510 3305 630 3382 Quinta
658 3327 735 3370 vero
762 3305 790 3368 si
818 3311 1026 3392 augmentum
1053 3305 1106 3370 vel
1132 3307 1372 3371 decrementum
1400 3328 1452 3370 re-

183 3414 281 3496 cipiat
310 3413 487 3493 semitonii,
518 3412 570 3476 vel
596 3413 630 3476 in
657 3417 765 3477 sertae
794 3413 911 3477 transit
938 3413 1170 3496 proprietatem
1197 3413 1250 3477 vel
1275 3414 1310 3479 in
1338 3412 1453 3497 tritoni

166 3521 332 3585 duritiem
349 3543 386 3586 ac
402 3521 651 3603 discrepantiam
674 3511 878 3602 convertitur,
905 3542 968 3604 qua
988 3523 1121 3604 propter
1141 3519 1286 3602 perfecta
1310 3522 1448 3604 quidem,

183 3629 319 3696 sednon
341 3633 377 3694 ut
400 3633 540 3692 octavas
562 3627 652 3692 Alias
676 3632 784 3712 autem
806 3628 948 3692 rationes
971 3627 1217 3693 mathematicas
1239 3628 1275 3692 in
1296 3627 1450 3694 theoricis

182 3737 333 3818 dicemus,
359 3758 437 3820 quas
453 3736 588 3820 practici
608 3757 674 3800 non
696 3735 834 3800 multum
857 3740 1017 3818 curarent,
1039 3735 1075 3798 si·
1089 3735 1141 3800 hic
1164 3757 1366 3820 poneremus,
1390 3758 1450 3802 nec

183 3845 280 3908 etiam
302 3844 445 3927 recipere
468 3844 659 3927 potuissent,
690 3844 841 3926 quoniam
864 3847 1029 3926 oporteret
1050 3831 1124 3907 illos
1147 3842 1235 3926 prius
1266 3843 1347 3907 seire
1375 3865 1450 3927 pro-

181 3952 346 4033 portiones
371 3957 403 4016 et
425 3949 753 4035 proportionalitates.
799 3951 987 4015 Assentiant
1011 3949 1110 4036 igitur
1137 3949 1317 4015 rationibus
1343 3950 1448 4034 dictis,

271 4195 279 4230 ¹
297 4193 367 4246 Inst.
378 4193 450 4247 Mus.
464 4195 485 4259 Ι,
496 4193 513 4247 3
523 4193 721 4261 (Friedlein,
735 4194 831 4262 paror,
844 4196 918 4256 3-4]
929 4211 955 4245 u.
966 4191 1015 4259 I,8
1028 4191 1226 4258 (Friedlein,
1239 4208 1267 4260 p.
1278 4191 1336 4258 195,
1348 4193 1449 4256 6-10).
1544 4254 1546 4258 Ι

268 4277 361 4348 ²Vgl.
380 4274 497 4334 Pietro
515 4282 619 4348 Aron,
636 4280 786 4334 murdarch
804 4279 859 4348 ΙΙΙ,
877 4278 1009 4334 fol.18b.

267 4365 283 4398 *
301 4364 411 4420 Debilis
431 4368 460 4424 et
478 4367 632 4424 admodum
651 4383 771 4423 erronea
788 4366 869 4421 ratio.

268 4452 299 4486 **
318 4451 422 4507 Melius
442 4454 493 4519 est,
512 4453 773 4522 permutationem
792 4452 939 4508 semitonii
957 4452 988 4507 in
1006 4454 1107 4507 tonum
1125 4451 1171 4505 vel
1196 4467 1211 4505 e
1235 4467 1373 4523 converso
1390 4466 1447 4504 non

179 4541 294 4592 mutant
313 4538 541 4605 consonantiam;
561 4557 627 4594 nam
644 4539 731 4594 tertia
746 4556 799 4609 per
811 4539 990 4609 additionem
1002 4538 1049 4592 vel
1062 4536 1288 4592 subtractionem
1301 4534 1449 4591 semitonii

180 4625 323 4695 redigitur
340 4625 371 4679 in
390 4627 523 4693 quartam
540 4626 587 4682 vel
604 4627 635 4683 in
653 4627 818 4682 secundam.
