3742 5528
703 381 745 390 -
789 341 841 446 27Ι
876 380 918 389 --

180 522 216 583 ut
231 522 468 603 cognoscantur
477 517 550 581 loca
564 515 652 580 illius
669 516 820 580 distincta
831 511 964 599 propter
973 515 1218 582 intervallorum
1234 516 1449 581 differentiam

180 631 213 691 et
241 625 519 709 intercapedinum
540 617 817 720 inaequalitatem,
850 623 997 708 signatur
1012 617 1016 673 ἶ
1030 646 1094 688 una
1127 623 1256 688 illarum
1288 615 1447 688 linearum

179 801 241 868 hoc
271 716 394 921 ἐξ
421 803 514 888 signo
542 801 594 866 vel
615 780 680 867 isto
703 772 801 913 {b
826 753 964 890 quorum
983 801 1122 889 primum
1148 801 1171 886 f
1192 823 1304 887 grave,
1336 821 1449 868 secun-

182 988 256 1052 dum
286 921 362 1053 veio
389 1010 406 1052 ο
434 992 562 1053 acutum
581 988 798 1052 demonstrat.
852 987 895 1052 Et
925 986 1006 1052 haec
1037 986 1131 1072 signa
1159 987 1315 1052 neoterici
1343 986 1450 1051 claves

181 1097 345 1181 appellare
369 1095 484 1181 solent,
509 1097 661 1180 quoniam
683 1093 756 1160 loca
777 1095 948 1160 manifeste
973 1095 1204 1160 demonstrant.

267 1204 484 1288 Disponemus
515 1203 616 1289 igitur
643 1203 747 1268 lineas
781 1202 936 1287 quinque:
979 1225 1051 1268 cum
1083 1203 1187 1287 primo
1222 1204 1315 1289 signo
1344 1201 1452 1268 media

181 1311 312 1376 illarum
335 1313 473 1398 signata,
498 1312 584 1396 quod
608 1316 657 1375 est
678 1311 703 1396 f,
733 1311 827 1376 cadet
848 1332 873 1388 c,
898 1311 983 1395 quod
1005 1313 1055 1375 sul
1077 1312 1223 1394 diximus,
1247 1313 1281 1376 in
1304 1311 1409 1395 spatio
1434 1334 1452 1374 a

181 1419 268 1484 linea
288 1419 435 1484 inferiori
459 1424 491 1484 et
514 1419 662 1503 sequenti
684 1407 842 1484 contento
862 1423 893 1484 et
915 1418 950 1483 in
971 1418 1059 1483 linea
1081 1419 1240 1484 secunda³
1263 1421 1294 1498 d,
1318 1419 1403 1504 quod
1427 1421 1452 1482 lc'

183 1528 425 1611 appellavimus,
451 1532 483 1592 et
504 1527 540 1591 iu
562 1527 667 1611 spatio
697 1526 756 1592 sub
787 1526 875 1591 linea
903 1527 1031 1612 signata
1054 1531 1206 1593 contento
1234 1550 1258 1610 e,
1289 1528 1374 1612 quod
1399 1533 1454 1591 tur

182 1636 446 1720 nuncupavimus
492 1635 532 1699 In
554 1634 616 1700 hac
638 1634 739 1720 igitur
760 1634 847 1699 linea
868 1635 1000 1718 ponitur
1017 1656 1078 1720 per
1108 1640 1140 1701 et
1166 1635 1200 1700 iu
1228 1636 1333 1720 spatio
1357 1657 1454 1718 super

182 1747 255 1830 ipsa
277 1748 438 1825 contento,
465 1743 552 1827 quod
575 1747 624 1808 est
642 1764 672 1826 p,
697 1762 751 1822 οο;
777 1745 809 1806 et
832 1743 978 1826 sequitur
1001 1744 1114 1808 eodem
1136 1744 1232 1809 modo
1257 1745 1295 1809 de
1318 1742 1452 1828 reliquis

182 1853 318 1918 scilicet:
347 1874 410 1935 ces,
434 1853 472 1935 is,
507 1857 556 1914 tae
577 1851 639 1934 ita,
668 1851 753 1935 quod
777 1856 825 1914 tus
854 1851 889 1914 in
907 1851 1004 1915 ‘linea
1035 1853 1128 1916 cadet
1151 1851 1267 1934 altiori,
1293 1853 1380 1937 quod
1402 1843 1452 1917 es't

183 1962 270 2026 aliud
292 1983 317 2043 c,
341 1960 398 2025 ubi
422 1963 471 2024 est
494 1959 558 2023 alia
581 1958 681 2023 clavis
703 1958 870 2024 collocata.
915 1959 960 2023 At
982 1959 1011 2024 si
1032 1960 1179 2024 volumus
1196 1981 1269 2023 cum
1283 1959 1345 2024 hac
1366 1961 1452 2025 idem

182 2069 288 2134 facere
319 2069 354 2133 in
382 2067 490 2132 altiori
518 2068 640 2150 posita,
675 2067 761 2131 idem
791 2068 926 2131 eveniet.
973 2067 1040 2131 Sed
1067 2069 1094 2130 si
1125 2066 1224 2132 clavis
1246 2067 1310 2132 ista
1331 2089 1397 2132 non
1418 2070 1454 2131 in

184 2176 292 2241 altiori
322 2176 379 2240 sed
401 2176 436 2239 in
459 2175 670 2258 subsequenti
691 2181 840 2258 ponatur,
879 2176 939 2240 sub
966 2174 1054 2239 linea
1085 2175 1189 2257 prima
1216 2176 1266 2238 sul
1286 2197 1452 2258 ponemus.

183 2285 226 2349 Et
248 2285 294 2349 sic
318 2282 423 2347 tasin
445 2282 532 2346 linea
555 2282 649 2346 cadet
671 2283 808 2368 signata,
834 2283 921 2366 quod
943 2282 1041 2347 etiam
1064 2304 1136 2346 cum
1156 2282 1261 2365 prima
1281 2282 1346 2361 fiet,
1371 2282 1455 2345 siin

184 2392 270 2456 linea
298 2394 412 2475 quarta
440 2413 459 2454 a
488 2390 647 2473 superiori
678 2394 825 2473 ponatur,
854 2389 903 2454 ita
929 2390 1015 2473 quod
1041 2411 1101 2453 nec
1127 2389 1233 2454 lineae
1260 2411 1320 2454 nec
1349 2389 1455 2474 spatia

184 2499 387 2564 interlineas
405 2502 557 2563 contenta
573 2519 700 2581 semper
716 2497 850 2562 eandem
865 2496 1024 2562 tenebunt
1038 2519 1159 2562 vocem.
1199 2496 1264 2562 Sed
1280 2498 1455 2562 secundum

186 2607 271 2692 quod
295 2606 394 2671 clavis
416 2607 526 2692 magis
545 2605 598 2670 vel
620 2605 726 2669 minus
749 2619 821 2684 (pag.
841 2607 890 2679 ’22)
915 2605 1103 2686 elevabitur,
1126 2607 1276 2692 graviora
1298 2628 1356 2670 seu
1379 2627 1456 2669 acu-

185 2715 269 2779 tiora
296 2714 368 2778 loca
398 2714 565 2778 tenebunt.
619 2712 826 2798 signabimus
855 2712 957 2798 igitur
984 2736 1069 2778 nunc
1097 2715 1257 2798 duplicem
1291 2714 1455 2798 diapason,

185 2849 283 2890 unam
306 2848 325 2889 a
346 2825 457 2890 littera
484 2825 529 2890 04
555 2825 591 2888 in
617 2847 634 2889 c
660 2829 787 2888 acutam
815 2829 848 2888 et
875 2824 972 2888 aliam
999 2826 1040 2890 ab
1069 2827 1182 2891 eadem
1203 2827 1237 2890 in
1261 2819 1300 2923 Ξδ
1324 2848 1456 2910 supera-

187 2943 302 3019 cutum,
326 2941 364 3001 ut
384 2935 575 3014 inchoantes
598 2959 656 3020 per
678 2936 804 3000 diversa
826 2937 898 3000 loca
920 2942 1096 3002 connotent
1118 2960 1222 3003 voces.

537 3342 771 3354 *u

317 3389 365 3444 Sal
388 3389 410 3442 li
436 3391 484 3442 tur
496 3405 549 3458 per
561 3406 596 3444 νο
629 3405 666 3443 vo
686 3406 731 3444 ces
751 3388 776 3443 is
799 3389 959 3461 tasltasis
987 3407 1088 3445 oesvo
1121 3392 1280 3459 repertur
1301 3389 1324 3443 li
1351 3389 1394 3444 sal
1447 3411 1449 3418 ¹

332 3473 831 3555 ODEFGchc
889 3471 958 3558 cb
1005 3476 1086 3531 αθ
1133 3475 1387 3530 GFEDO

209 3921 211 3926 ’
270 3930 318 3985 Sal
340 3928 362 3982 li
388 3930 499 3996 turper
511 3944 547 3982 νο
604 3944 640 3982 vo
659 3945 705 3983 ces
728 3929 752 3983 is
774 3931 819 3984 tas
867 3932 912 3985 tas
934 3931 959 3984 is
984 3947 1030 3984 ces
1049 3947 1085 3984 vo
1133 3932 1304 3999 vo⁷pertur
1324 3930 1347 3984 li
1375 3929 1417 3984 sal

672 4035 691 4072 a
736 4007 752 4090 l,
793 4035 807 4070 c
887 4035 902 4070 c
942 4011 971 4095 b
1005 4019 1039 4070 οὓ

288 4103 542 4172 cdefy
618 4095 1405 4182 pubccbcyyfcdc

678 4330 688 4367 ²
707 4327 783 4383 Oder
812 4293 891 4433 ξ.
1048 4330 1060 4368 3
1077 4327 1171 4399 prima
1190 4327 1323 4385 secunda.
1427 4299 1429 4304 Ι

536 4454 548 4492 ⁵
565 4471 587 4506 ο.
790 4453 801 4498 6
819 4441 969 4533 abcc'qu.
1178 4452 1189 4487 ⁷
1207 4447 1461 4504 Fehltimffiuck.

276 4535 359 4590 ⁸Die
381 4536 593 4592 Notenzoichen
616 4538 714 4593 fehlon
743 4538 782 4592 im
800 4536 903 4591 Druck.
940 4537 993 4592 Die
1012 4535 1255 4592 Tonbuchrtaben
1278 4535 1329 4590 dor
1351 4533 1462 4588 dritten

191 4620 303 4676 Oktave
324 4621 390 4676 sind
407 4639 462 4676 nur
481 4622 595 4678 einfach
613 4626 733 4693 gesotat.
