3742 5528
699 334 914 430 47-

260 513 422 578 Deuterus
452 533 528 578 vero
551 510 665 576 modus
693 509 834 574 coleram
860 510 970 576 movet
995 505 1169 572 incitando·
1190 509 1222 576 11
1249 503 1289 572 ad
1303 503 1442 570 iracun-

175 623 261 688 diam
280 620 496 708 provocando.
520 619 620 686 ¹Indo
644 639 721 703 ergo
743 616 840 704 igneo
864 615 971 681 colore
995 614 1188 700 depingitur,
1211 611 1289 697 quia
1310 633 1442 677 severus

176 735 225 797 111
247 735 280 795 11
306 727 524 796 1111111111
552 747 648 792 cursu
675 747 734 790 suo
761 724 912 790 fortiores
939 722 1063 788 habens
1087 721 1198 804 saltus,
1225 724 1342 786 utsuo
1369 711 1446 801 loco-

176 839 329 905 dioemus
372 837 435 902 Hic
457 840 553 902 tonus
569 831 754 901 hominibus
770 831 927 918 superbis,
950 829 1112 896 iracundis
1137 833 1169 894 11
1192 828 1294 911 elatis,
1318 829 1446 912 asperis

176 953 208 1012 et
224 947 328 1012 saevis
347 945 486 1011 maxime
508 943 668 1024 convenit,
693 945 780 1006 otoo
806 941 957 1026 gaudent.
996 939 1046 1004 De
1069 937 1131 1004 hoc
1147 925 1225 1004 dicit
1247 935 1440 1014 Boetiusl:

176 1056 231 1140 qui
265 1053 444 1138 asperiores
480 1056 567 1133 sunt,
602 1050 758 1130 Getarum
788 1047 969 1112 durioribus
1004 1046 1206 1126 delectantur
1232 1043 1349 1124 modis;
1387 1041 1442 1128 qui

145 1147 146 1150 ¹
175 1183 251 1228 vero
279 1160 453 1243 mansueti,
487 1155 940 1236 1111111111111Βο111112
977 1154 1039 1220 hoc
1072 1158 1151 1232 tono
1185 1152 1266 1218 dixit
1293 1152 1443 1216 iuvenem

174 1269 500 1334 Tauromenitanum³
523 1265 703 1347 incitatum,
726 1265 773 1330 ita
795 1264 945 1330 11111111
967 1262 1054 1328 fores
1076 1261 1227 1348 frangere
1248 1260 1442 1346 accingeret,
1558 1259 1561 1262 ’

176 1383 209 1449 11
223 1377 401 1462 hypodorio
424 1375 704 1440 11111111111111.
742 1371 821 1438 Eius
837 1393 914 1438 uero
936 1371 1076 1457 plagalis
1091 1371 1176 1436 idest
1197 1373 1293 1434 tonus
1310 1373 1442 1454 quartus

177 1485 292 1549 dicitur
314 1483 461 1564 blandae,
484 1481 643 1570 garndus,
670 1480 893 1547 adulatoribus
915 1478 1055 1544 maxime
1078 1479 1282 1560 conveniens,
1313 1479 1387 1561 quia
1408 1477 1443 1542 in

176 1597 328 1677 praesent
328 1593 360 1658 ia
314 1592 482 1657 tverbis
505 1590 633 1657 blandis
656 1588 803 1654 homines
819 1588 971 1670 mulcent
995 1587 1083 1652 sed
1074 1609 1109 1652 m
1124 1587 1248 1652 absent
1224 1591 1271 1652 tra
1285 1590 1441 1672 pungunt.

175 1702 227 1766 Ita
250 1701 342 1765 hiot
328 1705 424 1764 tonus
446 1699 574 1777 videtur
602 1719 671 1762 esse
694 1696 834 1762 lascivus
862 1697 947 1762 sine
955 1699 1089 1762 venusta
1090 1699 1123 1760 te
1150 1705 1261 1762 tamen
1289 1699 1321 1762 et
1344 1717 1445 1828 quan-

177 1809 312 1893 doque
303 1807 489 1873 1ncitativus
512 1807 687 1872 seeundum
709 1805 892 1870 mixturam

261 1916 370 1982 Tritus
399 1920 454 1979 aut
456 1938 506 1980 em
535 1919 647 1998 tropus
682 1913 862 1978 autenticus
893 1912 1058 1997 sanguinis
1088 1876 1265 1978 dominium
1293 1913 1359 1976 obt
1336 1912 1441 1985 tinuit.

177 2025 292 2090 Ideot
294 2046 374 2088 onus
397 2023 458 2088 iste
483 2045 502 2086 a
528 2024 623 2088 beato
646 2021 875 2106 Augustino
906 2020 1023 2086 dieitur
1045 2020 1255 2097 delectabilis,
1280 2021 1444 2086 modestus

177 2136 209 2197 et
224 2130 345 2214 hilaris,
356 2153 359 2155 ·
370 2131 480 2196 tristes
505 2134 537 2194 et
553 2129 664 2195 anxios
680 2127 866 2209 laetificans,
890 2129 999 2213 lapsos
1017 2132 1049 2192 et
1070 2129 1257 2211 desperatos
1280 2149 1444 2193 revocans.

174 2239 253 2304 Ideo
276 2237 454 2323 sanguineo
482 2237 589 2302 colore
613 2236 806 2322 depingitur.
853 2235 903 2299 De
933 2235 994 2302 hoc
1026 2235 1105 2300 dicit
1138 2235 1321 2318 Boetius,
1359 2237 1444 2319 quod

174 2346 276 2430 Lydii,
302 2345 356 2430 qui
378 2345 516 2411 maxime
539 2344 671 2410 iucundi
693 2349 769 2408 sunt
800 2349 832 2408 et
853 2344 941 2426 laeti,
971 2343 1033 2408 hoo
1061 2343 1262 2409 delectantur
1292 2349 1324 2408 et
1349 2366 1443 2426 prae-

176 2456 288 2520 sertim
312 2475 422 2520 111111
444 2453 605 2535 mulieres,
631 2475 650 2518 a
673 2451 788 2536 quibus
807 2452 907 2516 *Russi
928 2451 1030 2517 exorti
1051 2451 1208 2533 dicuntur,
1234 2453 1288 2536 qui
1303 2452 1443 2523 maxime

176 2564 302 2628 choreis
325 2567 358 2628 et
385 2561 614 2629 saltationibus
637 2560 849 2626 oblectantur.
895 2559 974 2624 Eius
1002 2582 1095 2634 vero⁴
1112 2559 1251 2646 plagalis
1268 2565 1331 2625 est
1358 2559 1440 2644 pius,

96 2655 98 2658 ⁵
174 2670 391 2753 lacrimabilis,
417 2671 611 2735 conveniens
633 2668 707 2752 illis,
734 2670 788 2752 qui
812 2669 850 2733 de
873 2669 962 2733 facili
981 2674 1197 2752 provocantur
1219 2669 1260 2738 ad
1281 2669 1442 2748 lacrimas,

177 2779 253 2862 quia
274 2799 369 2843 voces
392 2777 492 2844 habet
514 2777 654 2843 maxime
671 2777 878 2861 coadunatas,
902 2781 939 2840 11
961 2776 1086 2842 dicetur
1106 2776 1142 2842 in
1166 2777 1288 2850 eodem.
1353 2845 1355 2848 ,

263 2887 438 2952 Tetrardus
472 2907 548 2952 vero
582 2884 765 2951 autenticus
794 2888 920 2968 partem
951 2883 1051 2950 habet
1084 2884 1236 2950 lasciviae
1272 2889 1305 2950 11
1334 2885 1446 2950 iucun-

179 2994 288 3058 ditatis
311 2997 499 3078 partemque
522 2993 721 3060 incitationis
743 2993 850 3058 varios
872 2992 996 3058 habens
1020 2993 1122 3058 saltus
1145 2997 1178 3058 et
1203 3015 1310 3064 mores
1338 2993 1447 3060 adole-

179 3102 321 3168 scentiae
333 3106 588 3185 repraesentans.
613 3103 691 3168 Ideo
704 3099 938 3166 melancholiae
951 3101 1129 3184 dominium
1141 3105 1240 3183 tenet,
1255 3101 1445 3184 quandoque

179 3209 303 3276 scilicet
324 3209 487 3291 resistens,
513 3209 704 3293 quandoque
727 3230 803 3274 vero
827 3209 990 3294 adaugens
1019 3213 1052 3275 et
1038 3207 1136 3274 thoc
1163 3209 1336 3274 secundum
1360 3229 1447 3274 com-

178 3318 377 3400 mixtionem,
402 3339 498 3402 quam
522 3338 595 3380 cum
618 3317 690 3382 aliis
712 3316 845 3398 facitu
846 3316 979 3401 tpaulo
994 3321 1069 3400 post
1092 3317 1178 3385 dicet
1163 3321 1224 3383 tur
1270 3317 1447 3400 Propterea

180 3425 229 3490 lut
215 3431 268 3490 teo
292 3425 401 3490 colore
425 3421 672 3492 semicristalino
697 3424 843 3510 depingit
843 3447 890 3488 ur.
934 3425 1077 3510 Plagalis
1101 3447 1177 3491 vero
1194 3425 1262 3497 eius
1285 3425 1391 3492 suavis
1416 3429 1448 3490 et

179 3537 321 3598 moratus
335 3537 431 3616 atque
447 3554 594 3598 morosus
606 3533 782 3598 secuudum
793 3533 925 3598 modum
938 3531 1158 3616 discretorum,
1171 3537 1207 3596 ut
1221 3533 1447 3598 Ambrosius

179 3640 286 3705 refert.
333 3641 465 3705 Movent
493 3640 595 3726 igitur
624 3640 780 3723 septimus
815 3644 848 3706 et
876 3645 1007 3706 octavus
1041 3640 1289 3706 melancholiam
1316 3640 1447 3706 modulo
1501 3689 1506 3703 .

180 3770 238 3813 suo
261 3748 370 3814 tristes
394 3748 544 3828 homines
565 3753 661 3832 atque
684 3749 837 3812 remissos
860 3749 901 3813 ad
915 3748 1058 3814 medium
1077 3748 1273 3831 adducendo,
1297 3746 1449 3812 videlicet

181 3855 360 3920 autenticus
382 3855 556 3938 incitando,
580 3855 719 3941 plagalis
741 3877 818 3921 vero
839 3855 1071 3922 laetificando4.

266 3963 315 4031 Ex
341 3963 393 4028 his
422 3964 523 4050 igitur
553 3968 645 4046 patet
672 3963 815 4031 musicae
843 3964 1099 4030 instrumentalis
1132 3969 1164 4028 et
1190 3963 1350 4036 humanae
1371 3985 1449 4030 con-

180 4070 354 4138 venientia.
393 4070 488 4147 Quod
503 4076 612 4136 autem
628 4071 925 4138 musica'mundana
939 4093 1012 4139 cum
1023 4071 1261 4138 instrumentali
1276 4071 1449 4136 maximam

269 4369 417 4424 ¹Ebanda
436 4371 487 4436 (ed.
506 4370 660 4440 Friedlein,
678 4353 876 4442 p1815-7).

267 4455 416 4511 ²Ebenda
435 4457 487 4522 ted
506 4456 660 4526 Friedlein,
678 4476 706 4528 p.
720 4457 780 4522 184,
797 4459 881 4526 roff..)

267 4545 279 4582 3
296 4543 569 4598 tauronomitanum.

265 4631 278 4666 ⁴
295 4629 488 4688 laetificando
