3750 5528
943 333 1158 398 ..86-

417 531 507 589 vero,
540 508 568 572 si
597 508 659 572 duo
687 510 814 571 tantum
842 510 977 589 occupet
1005 505 1119 590 spatia.
1166 503 1220 570 sia
1255 526 1332 591 ergo
1367 504 1491 568 minore
1525 503 1688 568 existente.

418 615 610 701 imperfecto
641 615 745 680 maior
772 613 883 698 perfici
910 614 1031 698 poterit
1059 617 1092 677 et
1115 635 1132 677 e
1155 617 1267 677 contra
1290 611 1373 677 sicut
1394 613 1428 676 in
1452 610 1683 696 0110018010*Ι

417 724 579 790 Perfectio
604 723 701 788 etiam
724 721 879 805 temporis
902 721 1011 805 pausis
1034 720 1181 790 brevium
1204 722 1375 786 denotatur
1398 718 1493 785 aliter
1508 719 1683 784 secundum

416 853 485 914 nos,
510 831 605 896 aliter
626 852 704 894 vero
727 830 902 894 secundum
926 829 1086 913 antiquos,
1104 827 1265 913 quoniam,
1281 833 1318 893 ut
1333 828 1379 892 ait
1394 827 1550 914 magister
1564 827 1685 890 Fran-

418 940 562 1023 ciscus,
586 939 614 1002 si
640 961 741 1022 pausa
770 937 926 1022 temporis
955 941 1090 1020 occupat
1116 940 1222 1001 totum
1253 937 1406 1020 spatium,
1430 940 1534 1001 totum
1557 939 1684 1017 tempus

419 1049 551 1114 denotat
580 1045 768 1130 perfectum.
815 1044 873 1110 Sin
901 1067 978 1110 vero
1008 1045 1087 1108 duas
1115 1043 1212 1128 spatii
1233 1047 1343 1128 partes
1367 1042 1579 1126 occupaverit,
1605 1043 1684 1106 duas

418 1154 574 1238 temporis
597 1147 706 1238 partes
730 1154 942 1232 demonstrat;
953 1241 955 1245 ,
967 1151 995 1215 01
1018 1157 1126 1217 autem
1145 1155 1272 1222 tantum
1291 1173 1399 1233 unam,
1416 1150 1544 1215 unicam
1558 1154 1684 1233 partem

418 1261 572 1340 morulae,
598 1261 673 1345 quia
696 1283 793 1324 unam
815 1259 974 1324 minorem
990 1259 1140 1324 ostendit.
1178 1259 1344 1324 Nectarici
1367 1281 1443 1324 vero
1463 1280 1529 1323 non
1544 1258 1598 1337 sic,
1611 1258 1683 1340 sed,

419 1371 545 1455 quando
575 1371 653 1434 duas
683 1368 838 1452 temporis
864 1367 977 1432 tertias
1006 1368 1119 1433 volunt
1141 1367 1313 1448 insinuare,
1339 1368 1417 1430 duas
1445 1387 1562 1451 pausas
1590 1365 1686 1430 semi-

416 1485 523 1551 brevis
550 1507 649 1550 unam
676 1472 767 1549 iuxta
794 1483 891 1549 aliam
917 1483 979 1548 hoc
1001 1484 1097 1548 modo
1122 1495 1215 1551 E
1241 1483 1428 1566 disponunt3
1459 1487 1590 1547 011000
1612 1504 1685 1566 per-

417 1593 537 1658 fectum
568 1615 637 1658 esse
667 1597 794 1677 tempus
824 1596 912 1656 recte
936 1590 1169 1677 cognoscimus,
1194 1591 1269 1675 quia
1292 1596 1394 1656 totam
1416 1613 1550 1675 pausam
1576 1590 1683 1655 brevis

298 1753 301 1756 a
372 1755 375 1759 .
415 1706 481 1766 tres
510 1701 650 1766 minores
676 1699 785 1764 valere
813 1699 1035 1785 intelligimus,
1070 1721 1108 1763 ex
1141 1721 1203 1784 quo
1229 1699 1276 1764 ibi
1306 1700 1387 1764 duae
1415 1699 1531 1764 tertiae
1559 1703 1592 1763 01
1618 1721 1684 1764 000

420 1813 490 1875 1010
520 1809 648 1894 integra
674 1807 781 1892 posita
809 1811 892 1871 sunt.
939 1806 1023 1871 Nam
1059 1807 1186 1890 quando
1218 1810 1345 1891 tempus
1374 1811 1423 1871 est
1448 1806 1682 1890 imperfectum,

415 1939 516 2000 pausa
538 1915 694 2000 temporis
715 1919 843 1980 tantum
864 1914 952 1979 valet
976 1918 1129 1999 quantum
1151 1936 1271 1997 pausae
1295 1915 1430 1978 duarum
1446 1913 1682 1978 semibrevium.

415 2033 467 2098 Ad
491 2033 567 2117 quid
591 2054 668 2118 ergo
691 2032 847 2096 deberent
868 2030 946 2114 poni
970 2032 1050 2095 duae
1075 2029 1121 2096 sic
1143 2043 1250 2113 Ξῖ,
1276 2031 1303 2094 01
1325 2031 1473 2097 unahoc
1495 2032 1590 2096 modo
1612 2041 1685 2098 I:

418 2139 601 2228 sufficeret‘l
641 2139 775 2204 Frustra
801 2138 838 2203 fit
871 2161 929 2222 per
956 2139 1062 2222 plura,
1096 2140 1180 2223 quod
1202 2143 1311 2223 potest
1337 2138 1408 2202 fieri
1437 2161 1495 2223 per
1521 2139 1681 2223 pauciora.

501 2247 625 2336 Eodem
653 2248 748 2312 modo
777 2247 944 2311 deducitur
972 2247 1010 2311 de
1038 2245 1219 2330 prolatione
1256 2246 1414 2330 perfecta,
1453 2249 1619 2331 quoniam,
1657 2247 1685 2312 si

416 2357 497 2420 duae
509 2377 630 2438 pausae
645 2354 798 2418 minimae
815 2354 876 2418 hoc
892 2355 987 2420 modo
1003 2373 1097 2429 Ξῖ
1112 2355 1322 2438 reperiantur,
1339 2354 1517 2438 perfectam
1530 2355 1684 2421 denotas1

414 2467 640 2552 prolationem,
665 2467 762 2530 etiarn
778 2467 806 2529 si
830 2466 916 2529 aliud
933 2487 998 2530 000
1013 2466 1112 2530 fuerit
1127 2466 1263 2552 signum.
1302 2466 1387 2530 Nam
1403 2467 1529 2550 quando
1545 2466 1684 2551 prolatio

416 2581 465 2640 001
493 2574 697 2658 imperfecta,
730 2578 857 2638 tantum
885 2573 974 2638 valet
1002 2596 1104 2658 pausa
1133 2573 1321 2639 semibrevis
1356 2575 1401 2639 sic
1429 2593 1501 2649 3,,-
1530 2580 1684 2659 quantum

415 2688 496 2751 duae
526 2707 645 2770 pausae
674 2686 827 2749 minimae
854 2685 916 2766 hoc
947 2687 1044 2751 modo
1070 2705 1164 2762 :111
1177 2737 1183 2768 ,
1218 2686 1319 2772 igitur
1352 2686 1434 2751 sicut
1465 2686 1504 2752 (10
1538 2691 1684 2770 ternpore

414 2799 625 2884 figurandum.
678 2797 721 2861 Et
750 2803 821 2882 (pag.
849 2802 890 2880 70)
925 2820 983 2882 per
1017 2799 1102 2882 quod
1135 2798 1292 2882 perfectio
1327 2803 1383 2864 aut
1414 2797 1617 2883 imperfectio
1650 2799 1686 2862 in

414 2905 530 2970 maiori
549 2906 732 2991 prolatione
755 2905 982 2991 distinguatur,
1006 2928 1071 2970 non
1095 2906 1243 2971 omnibus
1267 2906 1452 2971 cantoribus
1476 2910 1684 2971 0000101000

416 3013 548 3078 musicis
572 3013 764 3098 quibusdam
787 3017 823 3078 ut
845 3013 1027 3078 Tristano
1051 3015 1094 3078 (10
1119 3013 1224 3079 Silva
1247 3014 1349 3079 amico
1372 3019 1494 3098 nostro,
1523 3015 1578 3100 qui
1600 3036 1685 3079 cras-

415 3144 484 3185 sam
513 3120 699 3186 Iohannis
728 3123 770 3186 (10
799 3121 917 3185 Muris
945 3122 1130 3204 opinionem
1160 3121 1299 3186 affirmat
1328 3121 1436 3187 dicens
1469 3122 1684 3206 prolationem

415 3228 593 3312 perfectam
618 3249 687 3292 0000
711 3229 866 3294 maiorem
888 3227 1175 3312 imperfectamque
1198 3231 1365 3294 minorem.
1413 3229 1517 3307 Quam
1541 3234 1572 3294 et
1602 3228 1685 3291 anti·

415 3358 552 3421 quorum
568 3336 760 3400 auctoritate
778 3340 810 3400 et
825 3357 982 3401 novorum
997 3341 1223 3420 provectorum
1240 3337 1386 3421 exemplo
1404 3342 1436 3402 01
1455 3336 1684 3402 mathematica

341 3427 343 3430 ⁵
415 3443 690 3508 demonstratione
713 3443 861 3510 volumus
883 3445 1066 3527 improbare
1089 3443 1228 3527 primum
1252 3444 1310 3509 sic:

500 3549 662 3636 Egidius
686 3551 730 3614 de
753 3550 898 3614 Marino
922 3551 961 3614 de
984 3549 1119 3614 minima
1146 3555 1288 3616 tractans
1319 3553 1365 3616 ait
1393 3551 1521 3615 merito:
1553 3551 1683 3616 tertiam

415 3658 512 3723 debet
528 3659 677 3723 amittere
693 3662 829 3741 partem,
852 3662 1007 3741 punctum
1027 3679 1113 3740 vero,
1139 3659 1214 3742 quia
1235 3659 1318 3723 nihil
1339 3659 1439 3724 habet
1461 3659 1521 3723 sub
1544 3681 1588 3742 se,
1612 3663 1684 3724 tan-

414 3770 484 3829 tum
499 3766 716 3830 medietatem.
757 3765 792 3830 Si
813 3765 914 3852 igitur
935 3766 1069 3830 minima
1091 3767 1221 3831 tertiam
1243 3773 1352 3851 potest
1374 3768 1523 3833 amittere
1546 3771 1680 3852 partem,

505 4008 514 4043 1
534 4005 589 4059 den
609 4007 683 4059 tans.

500 4022 607 4146 ”‘NosO
615 4090 701 4145 aliter
723 4092 872 4145 sentimus.
911 4090 975 4146 Non
1000 4091 1077 4146 enim
1102 4109 1215 4162 semper
1237 4091 1352 4161 signum
1379 4093 1565 4162 perfectionis
1590 4096 1684 4149 totam

415 4177 545 4231 continet
563 4176 779 4247 perfectionem,
799 4181 832 4232 01
849 4178 904 4231 hoc
922 4180 953 4232 et
972 4176 1114 4232 similibus
1134 4178 1273 4249 exemplis
1293 4180 1418 4234 constat:
