3742 5528
750 521 815 587 Sed
853 522 967 606 quarta
995 509 1010 586 l
1038 523 1178 588 secunda
1210 509 1225 584 l
1256 524 1436 608 quantitate
1474 545 1532 607 per
1563 521 1706 587 medium

751 630 854 694 divisa
877 630 1077 716 signabimus
1093 631 1244 695 tertiam1
1261 621 1286 695 l.
1323 630 1387 695 Sed
1410 631 1506 695 tertia
1528 632 1582 714 lq
1605 652 1707 714 quan-

749 737 826 802 titas
850 739 877 802 si
900 741 967 822 [per
981 739 1132 822 medium]
1154 739 1323 817 dividatur,
1349 739 1461 824 quinta
1477 726 1493 801 b
1511 738 1702 824 signabitur.

653 886 655 889 .
749 845 948 910 Habebimus
971 846 1071 932 igitur
1094 851 1133 911 ex
1155 847 1216 912 hac
1233 847 1389 911 divisione
1407 848 1547 932 quinque
1566 836 1581 907 l’
1597 844 1706 910 mollis

750 953 935 1018 coniunctas
967 977 1005 1018 ex
1036 960 1137 1020 recta'
1156 955 1311 1022 divisione
1335 977 1518 1040 perpensas.

836 1061 901 1126 Sed
922 1063 949 1126 si
968 1052 1003 1139 b²
1019 1063 1305 1148 quadrati'habero
1325 1084 1533 1147 procuramus
1554 1063 1706 1128 coniunc-

749 1173 812 1252 tas,
842 1192 900 1253 per
926 1171 990 1235 tria
1012 1171 1064 1254 bq
1087 1171 1266 1244 dividemus
1290 1176 1322 1236 et
1345 1196 1364 1238 a
1385 1173 1496 1236 littera
1510 1175 1534 1254 'q
1557 1170 1706 1234 versusb

750 1279 916 1342 venientes
932 1279 966 1342 in
981 1279 1043 1344 fine
1059 1281 1187 1343 trientis
1198 1301 1354 1362 ponemus
1368 1284 1533 1363 quartam3
1551 1270 1705 1358 becilicet

719 1385 720 1390 ’
749 1386 834 1448 inter
855 1406 912 1449 rao
937 1390 969 1450 et
991 1387 1024 1450 in
1041 1388 1135 1452 besse
1160 1387 1332 1452 secundam
1351 1378 1367 1458 h
1383 1389 1595 1473 quadratam,
1621 1407 1703 1469 quae

751 1493 844 1558 cadet
871 1495 956 1559 inter
982 1495 1041 1579 sp.
1094 1493 1158 1560 Sed
1186 1495 1212 1559 si
1240 1497 1399 1560 secundae
1423 1488 1458 1576 bf’
1486 1496 1659 1580 quadratae
1685 1515 1706 1576 q

592 1578 602 1588 ⁸
637 1635 649 1656 ι
677 1647 685 1658 .
751 1602 913 1684 quantitas
928 1624 987 1686 per
1001 1601 1064 1666 tria
1080 1603 1249 1682 dividatur,
1272 1626 1290 1666 a
1305 1603 1415 1668 littera
1430 1627 1449 1686 q
1464 1624 1575 1668 versus
1592 1625 1705 1667 secun-

750 1701 856 1792 dam't
882 1711 1071 1795 quadratam
1094 1712 1261 1776 venientes
1285 1712 1320 1775 in
1342 1713 1436 1776 besse
1459 1733 1614 1795 ponemus
1637 1714 1703 1775 ter·

750 1818 868 1897 tiamt
897 1819 1022 1903 eritque
1055 1820 1141 1885 inter
1168 1821 1225 1903 tl,
1257 1819 1346 1884 ouius
1376 1823 1408 1883 et
1434 1841 1454 1902 q
1481 1820 1643 1905 quantitas
1677 1818 1705 1881 si

750 1925 939 2010 duplicetur,
967 1928 1135 2011 proveniet
1148 1929 1204 1992 ‘sic
1226 1928 1330 2012 prima
1353 1919 1368 2008 ξ
1386 1928 1471 1993 inter
1494 1929 1547 1992 od
1568 1927 1703 2013 signata.

631 2043 642 2066 ²
677 2056 686 2065 ·
749 2032 949 2100 Habebimus
967 2037 1073 2126 ,igitur
1097 2059 1135 2102 ex
1162 2037 1223 2100 hac
1247 2035 1403 2101 divisione
1433 2039 1571 2120 quatuor
1593 2037 1609 2116 η
1628 2057 1705 2119 qua-

751 2140 833 2204 drati
868 2147 1055 2210 coniunctas
1091 2167 1128 2209 ex
1162 2149 1251 2210 recta
1283 2145 1439 2210 divisione
1469 2143 1702 2227 provenientes,

486 2229 499 2257 a
590 2307 647 2336 ,Ἴ
749 2251 785 2312 ut
807 2252 898 2332 patet
920 2252 954 2314 in
976 2249 1088 2335 figura

837 2358 873 2423 Si
907 2359 993 2423 enim
1028 2361 1173 2444 quintam
1205 2361 1325 2425 habere
1364 2359 1574 2443 voluerimuS‚
1610 2360 1705 2425 tertia

591 2425 628 2558 ‚il
645 2480 681 2556 ⁰⁴·
750 2459 803 2549 'tq
832 2469 1045 2550 quantitatem
1068 2469 1174 2535 medio
1204 2469 1383 2533 dividamus
1415 2473 1447 2533 et
1477 2469 1538 2533 erit
1566 2489 1705 2552 snprap

750 2596 808 2657 per
831 2575 910 2640 duos
933 2580 1038 2640 tonos.
1077 2576 1197 2640 Verum
1221 2577 1295 2661 quia
1317 2575 1401 2641 nihil
1423 2578 1482 2640 sub
1505 2576 1705 2660 proslamba-

749 2703 911 2748 nomenon
933 2706 993 2748 nec
1009 2707 1106 2768 supra
1121 2690 1219 2750 neten
1234 2685 1456 2769 hyperboleon
1471 2685 1505 2748 in
1520 2687 1705 2748 mensurata

634 2790 645 2813 ⁸
676 2782 699 2815 ·’
749 2788 852 2874 figura
875 2791 992 2856 addere
1016 2794 1171 2876 volumus,
1203 2817 1268 2860 non
1293 2816 1363 2857 eam
1385 2794 1547 2876 ponimuS‚
1577 2815 1642 2856 non
1666 2814 1704 2854 ex

750 2919 798 2980 ec,
826 2900 911 2983 quod
926 2900 1002 2987 'fieri
1025 2907 1091 2966 nen
1112 2906 1229 2987 posset,
1259 2902 1316 2966 sed
1340 2903 1415 2984 quia
1441 2900 1504 2964 ista
1531 2905 1704 2964 tenuerunt

750 3007 886 3090 antiqui
918 3013 949 3073 et
987 3032 1005 3072 a
1042 3012 1203 3076 Boetio
1242 3011 1288 3074 sic
1329 3009 1481 3074 traditam
1525 3010 1704 3091 reperimus

750 3113 937 3179 doctrinam.

835 3221 971 3299 Quando
1006 3248 1082 3312 ergo
1118 3226 1253 3290 addere
1270 3226 1392 3310 aliquid
1425 3227 1484 3291 sub
1520 3229 1575 3289 aut
1609 3245 1704 3306 supra

590 3400 619 3427 ,θ
748 3329 944 3396 voluerimus
968 3334 1090 3398 nonin
1114 3335 1226 3398 eadem
1250 3333 1384 3417 chorda,
1413 3334 1470 3398 sed
1496 3333 1531 3396 in
1559 3330 1703 3413 diversis,

748 3436 855 3502 facere
884 3441 1063 3523 poterimus
1094 3443 1326 3506 concordantes
1359 3442 1433 3507 illas
1464 3439 1600 3507 chordas
1633 3447 1704 3502 oum

637 3587 649 3610 a
748 3544 799 3608 his
836 3547 1049 3614 divisionibus
1083 3540 1118 3614 in
1148 3573 1212 3615 una
1243 3555 1331 3614 recte
1362 3549 1457 3614 factis
1487 3549 1521 3612 in
1551 3547 1705 3630 diapason

749 3657 1038 3738 correspondentes
1062 3663 1211 3743 utputa:
1236 3660 1265 3723 si
1291 3682 1387 3723 unam
1411 3657 1564 3722 chordam
1588 3655 1703 3718 addere

749 3762 807 3826 sub
836 3762 1187 3846 proslambanomenon
1219 3767 1430 3848 voluerimus²
1459 3764 1569 3830 taliter
1598 3762 1705 3845 dispo-

748 3891 874 3954 nemus,
901 3874 986 3956 quod
1008 3874 1042 3939 in
1067 3897 1147 3940 sono
1171 3876 1326 3960 diapason
1349 3875 1538 3958 aequisonet
1560 3871 1705 3934 lichanos

747 3999 858 4042 meson
884 3987 915 4045 et
939 3983 1000 4046 erit
1026 3989 1056 4048 Γ
1055 3990 1106 4066 ut,
1132 3989 1165 4049 et
1187 3985 1215 4048 si
1239 3983 1335 4048 aliam
1359 3985 1418 4048 sub
1441 3983 1513 4066 ista,
1538 4003 1611 4044 eum
1633 3999 1706 4063 par-

747 4084 866 4171 hypate
893 4102 1022 4157 meson'
1039 4093 1266 4177 aequisonabit
1293 4093 1328 4156 in
1356 4075 1525 4175 diapason,
1556 4090 1705 4171 diapente

748 4215 819 4258 cum
855 4199 1036 4284 parhypate
1075 4201 1232 4285 hypaton,
1270 4201 1471 4265 diatessaron
1501 4220 1572 4262 cum
1602 4197 1705 4279 prima

747 4305 917 4370 coniuncta
925 4311 944 4371 ⁶.
984 4308 1074 4374 Haec
1091 4311 1211 4375 chorda
1228 4312 1297 4392 erit,
1323 4331 1418 4394 quam
1435 4307 1544 4372 dicunt
1559 4302 1706 4369 moderni

834 4485 842 4519 ¹
861 4482 956 4536 tertia.
1208 4484 1259 4535 ⁸2b.
1467 4483 1478 4520 3
1497 4483 1607 4548 quarta.

832 4568 843 4604 4
862 4571 988 4623 secunda
1007 4561 1022 4635 β
1042 4571 1194 4638 quadrata.
1352 4569 1401 4622 δί).

832 4653 927 4708 6Seii.
947 4654 1040 4725 prima
1059 4655 1074 4719 b
1095 4657 1192 4710 mollis
1212 4656 1374 4711 coniuncta.
