3734 5572
708 349 924 414 ..99..η

180 543 295 604 passus
318 521 573 588 monochordum
595 522 690 587 docet
712 521 855 587 dividere
878 544 980 606 suum,
1005 523 1091 607 quod
1109 522 1313 592 laboriosum
1331 528 1364 591 et
1378 528 1453 595 tae·

181 630 308 696 diosum
339 630 633 696 esseiutuentibus
656 629 780 715 liquido
801 634 893 714 patet
914 629 977 696 hoc
1002 631 1086 716 ideo,
1118 632 1202 716 quia,
1231 636 1268 699 ut
1298 633 1446 718 diximus,

180 743 276 804 tonus
307 738 343 802 in
375 739 600 823 sesquioctava
633 737 782 804 consistit
809 740 1029 823 proportione.
1077 740 1251 806 Difficilius
1281 742 1368 826 enim
1398 745 1448 808 est

181 846 317 913 alicuius
327 845 448 932 integri
461 850 608 911 octavam
621 868 717 930 quam
732 846 940 912 medietatem
953 851 1010 912 aut
1022 849 1154 913 tertiam
1169 871 1295 914 sumere
1310 853 1446 933 partem.

101 1006 104 1013 .
140 983 148 1036 p
181 955 224 1020 Et
246 976 306 1038 per
326 959 473 1020 nostram
496 954 689 1019 divisionem
712 953 796 1020 sicut
824 959 857 1019 et
882 977 941 1038 per
963 977 1054 1022 suam
1076 959 1172 1021 tonus
1200 956 1374 1022 efficaciter
1395 980 1448 1024 re-

158 1061 304 1145 -peritur
325 1067 364 1128 ut
384 1064 406 1127 d
427 1085 443 1128 e
465 1085 562 1148 quam
586 1062 626 1126 18
650 1066 684 1127 ct
707 1061 748 1126 16
770 1063 897 1128 numeri
918 1063 1057 1148 implent
1079 1069 1135 1129 aut
1157 1066 1170 1130 t
1189 1086 1233 1148 m,
1265 1087 1346 1150 quae
1369 1065 1391 1129 9
1414 1070 1450 1130 et

180 1169 200 1232 8
223 1193 432 1236 numerorum
455 1165 579 1237 ambitu
601 1171 824 1236 conscribitur.
1420 1177 1421 1182 ’

145 1340 147 1344 ,
267 1278 332 1344 Sed
355 1280 394 1344 de
416 1277 467 1343 his
487 1278 654 1345 hactenus.
699 1277 794 1344 Nunc
815 1283 924 1344 autem
940 1302 1021 1364 quae
1044 1279 1217 1345 semitonia
1235 1281 1446 1346 monochordi

179 1386 324 1452 canenda
347 1387 421 1471 sint,
450 1409 532 1471 quae
554 1408 632 1452 vero
656 1386 807 1452 evitanda
827 1387 1007 1470 videantur,
1036 1388 1187 1472 quoniam
1209 1411 1308 1454 unum
1330 1390 1445 1474 maius,

180 1493 267 1559 aliud
289 1495 395 1560 minus
417 1495 588 1580 reperitur,
612 1494 831 1560 discutiamus.
1366 1509 1367 1516 ’

566 1839 811 1946 Capitulum
842 1867 1056 1947 quartum.

375 2053 421 2124 In
449 2075 523 2145 quo
551 2051 748 2123 semitonia
776 2053 943 2124 canenda
969 2060 1034 2124 aut
1061 2053 1242 2125 evitanda.

223 2219 395 2286 UONIAM
411 2219 532 2284 dictum
555 2222 604 2282 est
626 2221 759 2282 tonum1
782 2216 817 2282 in
833 2218 894 2282 duo
911 2239 1014 2302 aequa
1028 2239 1094 2283 non
1110 2218 1208 2283 dividi
1224 2221 1395 2286 semitonia
1411 2230 1444 2292 et

245 2327 354 2393 omnia
382 2331 532 2392 tonorum
564 2325 669 2410 spatia
698 2325 904 2391 instrumenti
936 2325 1073 2411 perfecti
1105 2327 1140 2390 in
1175 2326 1238 2392 duo
1272 2328 1443 2396 semitonia

175 2435 425 2502 monstravimus
449 2456 520 2500 esse
543 2433 655 2513 divisa,
671 2433 842 2500 dicendum
864 2437 976 2518 restat,
1000 2434 1086 2518 quod
1108 2433 1237 2500 illorum
1260 2436 1303 2500 sit
1326 2458 1443 2502 canen-

176 2546 251 2610 dum
275 2549 307 2609 et
330 2545 415 2629 quod
443 2542 638 2624 evitandum,
667 2540 713 2606 sic
737 2543 770 2606 et
793 2541 832 2607 de
855 2541 928 2606 aliis
950 2542 1129 2628 speciebus,
1158 2564 1239 2626 quae
1265 2565 1324 2627 per
1347 2545 1443 2610 semi·

175 2653 265 2718 tonia
297 2653 496 2718 variantur
550 2650 593 2714 Et
625 2649 686 2728 ita
706 2647 801 2715 huius
834 2650 931 2732 primi
964 2649 1136 2714 voluminis
1171 2649 1442 2738 complementum

173 2761 324 2844 practicis
346 2759 569 2844 principaliter·
591 2759 780 2842 deputatum
804 2757 949 2825 ordinate
971 2757 1183 2841 perficiemus

259 2867 299 2932 In
322 2871 391 2932 arte
412 2867 513 2954 igitur
534 2866 639 2954 prima
664 2865 865 2950 imperfecta,
892 2865 927 2930 in
952 2865 1057 2950 prima
1083 2865 1206 2931 scilicet
1231 2851 1442 2933 monochordi

174 2975 331 3041 divisione
357 2999 457 3040 unum
482 2979 610 3042 tantum
638 2978 688 3038 est
713 2973 934 3058 semitonium,
964 2975 1049 3058 quod
1078 2973 1191 3038 evitari
1221 2959 1332 3060 debet,
1360 2975 1442 3040 illud

173 3083 297 3150 scilicet
326 3085 411 3168 quod
440 3087 591 3167 apotome
622 3103 640 3146 a
670 3081 831 3148 Platone
866 3082 987 3147 dictum
1017 3081 1117 3146 fuisse
1150 3085 1285 3148 constat.
1334 3081 1442 3168 Igitur

173 3196 321 3258 cantores
343 3196 399 3256 eut
419 3191 709 3257 instrumentorum
731 3189 912 3274 pulsatores
927 3211 1102 3282 numquam
1124 3188 1247 3256 faciant
1268 3189 1441 3254 transitum

173 3323 292 3367 avoca
316 3299 383 3365 sive
406 3298 525 3365 chorda
547 3285 616 3362 tin
639 3286 733 3380 inec
757 3320 773 3362 e
797 3302 918 3384 contra,
947 3297 1099 3382 quoniam
1125 3295 1207 3361 illud
1234 3296 1441 3377 semitonium

171 3411 206 3475 in
228 3407 507 3494 symphonianum
529 3406 669 3491 ponitur,
694 3428 766 3477 cum
788 3428 892 3490 neque
914 3405 949 3470 in
965 3405 1165 3470 diatessaron
1187 3425 1292 3489 neque
1314 3405 1349 3469 in
1373 3405 1440 3470 dia·

170 3522 268 3602 pente
292 3537 396 3601 neque
418 3515 453 3580 in
476 3514 631 3599 diapason
654 3514 766 3580 autin
789 3513 861 3578 aliis
883 3512 1081 3597 imperfectis
1105 3501 1273 3596 speciebus
1297 3517 1352 3578 aut
1375 3513 1440 3578 dis-

172 3625 379 3692 cordantibus
403 3623 499 3690 simul
527 3627 560 3688 et
586 3621 855 3688 concordantibus
881 3620 1061 3712 successive
1087 3620 1259 3686 convenire
1287 3643 1440 3704 umquam

171 3733 275 3798 visum
298 3733 349 3798 sit.
387 3732 428 3797 In
450 3729 669 3796 monochordo
685 3752 761 3795 vero
784 3729 929 3814 perfecto
946 3729 1048 3794 multa
1069 3728 1142 3794 loca
1164 3732 1248 3811 sunt,
1271 3727 1440 3812 inquibus

171 3841 324 3906 transitus
346 3840 381 3904 in
404 3844 502 3904 cantu
530 3838 698 3904 evitandus
727 3841 784 3903 est.
830 3839 893 3903 Per
922 3838 1052 3902 modum
1079 3835 1181 3922 igitur
1208 3836 1373 3901 doctrinae
1401 3859 1440 3900 ea

171 3947 321 4031 practicis
344 3947 591 4034 assignabimus.
617 3944 805 4010 'Theoricis
826 3967 903 4011 vero
925 3945 961 4008 in
983 3943 1131 4029 sequenti
1154 3943 1315 4008 volumine
1338 3942 1439 4008 ratio-

170 4055 267 4120 nibus
288 4055 480 4120 firmissimis
502 4054 674 4119 veritatem
697 4053 996 4118 demonstrabimus.

258 4163 310 4229 Ad
331 4168 549 4228 mensuratam
575 4162 677 4248 igitur
697 4163 844 4248 figuram,
876 4183 958 4246 quae
984 4160 1018 4224 in
1044 4159 1148 4244 prima
1175 4163 1267 4243 parte
1297 4163 1439 4223 tractatu

171 4270 312 4336 secundo
340 4271 480 4354 capitulo
508 4271 632 4356 quinto
647 4269 755 4354 posita
782 4273 852 4352 (pag.
870 4273 913 4351 81)
936 4266 1012 4350 fuit,
1041 4269 1217 4344 redeamus.
1264 4267 1323 4331 Est
1352 4266 1438 4331 enim

258 4472 382 4524 ¹tonus.

256 4557 273 4592 *
300 4555 422 4610 Subtilis
450 4555 572 4610 materia
598 4558 629 4610 et
654 4555 744 4625 digna
769 4554 887 4625 ingenio
913 4553 1041 4622 liberali,
1071 4553 1201 4608 nostris
1233 4519 1436 4610 cantoribus

170 4643 304 4712 odiosa,
323 4642 375 4698 sed
392 4640 510 4696 musicis
529 4641 695 4711 gratissima
713 4645 743 4697 et
760 4641 841 4696 utilis
861 4643 948 4711 atque
966 4639 1137 4695 necessaria.

1196 4742 1228 4794 7*
