3734 5572
717 343 943 408 „73-

193 521 226 584 a
247 521 401 583 contenta
417 521 473 581 est.
511 516 592 582 Cum
607 524 671 581 uno
686 515 890 592 hexachordo
912 517 947 581 in
969 516 1080 582 thema
1096 523 1260 602 assumpto
1277 519 1457 600 concordet,

195 631 228 691 ct
250 626 296 691 sic
320 630 444 709 septem
459 629 624 711 gammata
638 625 763 690 faciunt
783 627 874 690 iuxta
889 630 1013 709 septem
1031 625 1249 706 hexaohorda3
1274 631 1307 691 at
1321 627 1460 710 primum

195 735 360 819 appellant
388 731 569 817 bbassum,
604 735 779 800 secundum
809 739 959 798 naturam
992 735 1130 817 bassam,
1165 735 1298 799 tertium
1326 733 1459 799 tmolle

194 845 334 924 bassum,
371 847 520 927 quartum
552 833 570 922 b
599 842 792 924 medianum,
828 841 975 926 quintum
1004 846 1153 907 naturam
1187 842 1295 925 altam,
1334 847 1460 907 sextum

193 939 326 1015 l⁷molle
354 951 455 1014 altum
483 955 515 1014 et
544 951 717 1034 septimum
739 943 755 1013 b
774 949 884 1014 altum.
930 949 999 1015 Hoc
1028 955 1136 1014 autem
1166 951 1361 1034 superfluum
1391 973 1460 1015 esse

195 1063 290 1142 atque
314 1058 507 1123 diminutum
536 1057 716 1123 rationibus
745 1057 936 1122 firmissimis
966 1058 1266 1122 demonstrabimus.
1312 1059 1380 1142 Ipsi
1401 1081 1462 1143 po-

193 1171 275 1230 nunt
296 1170 469 1252 gemmata,
494 1188 575 1250 quae
598 1187 657 1249 per
679 1165 743 1229 alia
758 1169 910 1248 poterunt
924 1165 1122 1251 investigari,
1149 1173 1181 1233 et
1197 1165 1364 1231 dimittunt
1387 1166 1458 1248 alia,

196 1278 375 1359 quaesunt
401 1273 592 1350 necessaria,
624 1273 775 1338 videlieet
803 1273 1054 1337 coniunctarum.
1100 1257 1169 1338 Nos
1192 1296 1276 1356 vcro,
1308 1276 1363 1358 qui
1392 1297 1461 1338 am-

194 1384 296 1468 bages
324 1382 437 1468 fugcre
468 1386 501 1446 et
529 1382 700 1446 veritatem
729 1381 763 1445 in
792 1379 898 1446 lucem
927 1381 1084 1446 adducere
1112 1382 1352 1467 falsitatemque
1387 1403 1463 1448 con-

194 1490 329 1555 fundere
353 1495 385 1557 et
399 1489 621 1574 prolixitatem
646 1491 766 1554 evitare
787 1509 944 1571 curamus,
969 1490 1078 1554 omnia
1100 1494 1264 1575 gammata
1278 1490 1461 1574 reperiendi

196 1603 228 1663 et
244 1597 490 1663 diminutionem
513 1605 623 1662 eorum
639 1597 837 1680 adimplendi
851 1597 1092 1682 falsitatemque
1114 1599 1256 1663 evitandi
1271 1597 1462 1662 facillimum

196 1706 342 1770 dabimus
364 1707 504 1770 modum.

280 1813 485 1898 Accipiamus
498 1814 598 1898 igitur
614 1813 754 1897 primum
764 1812 1004 1878 hexachordum
1020 1813 1144 1878 scilicet
1158 1813 1340 1898 retropolis,
1358 1813 1461 1898 quodl

194 1924 387 1987 terminatur
408 1923 443 1986 in
464 1923 601 1986 asota.
647 1921 824 2005 Loquimur
848 1921 933 1985 enim
955 1943 1015 2004 per
1036 1922 1193 1986 terminos
1214 1921 1366 2005 ipsorum.
1401 1924 1463 1986 Re·

195 2031 368 2115 spiciamus
390 2029 491 2114 igitur
512 2051 571 2113 per
592 2032 695 2093 totam
717 2050 857 2110 manum,
883 2051 965 2112 quae
987 2049 1083 2094 voces
1107 2029 1175 2092 eius
1198 2031 1403 2112 concordant,
1432 2033 1464 2093 ct

195 2140 240 2203 sic
263 2139 349 2203 istud
373 2157 610 2220 componemus.
664 2141 688 2198 Γ
687 2141 727 2200 at
746 2136 846 2221 igitur
874 2159 912 2200 cx
939 2135 1004 2200 isto
1026 2135 1232 2201 hexachordo
1260 2136 1395 2201 habebit
1417 2159 1462 2217 re,

195 2247 270 2330 quia
293 2247 456 2327 unisonus,
480 2243 514 2308 fa
537 2244 613 2328 quia
635 2243 740 2325 tertia,
764 2243 797 2307 la
820 2244 895 2328 quia
917 2243 1038 2328 quinta,
1070 2265 1091 2307 a
1105 2265 1140 2308 re
1161 2248 1197 2307 ut
1219 2245 1317 2308 tertia
1340 2245 1462 2321 subtus,

194 2355 239 2417 mi
262 2355 425 2434 unisonus,
451 2353 500 2420 sol
521 2352 621 2416 tertia
637 2373 741 2436 supra,
766 2353 784 2414 b
806 2353 855 2415 mi
875 2374 910 2416 re
926 2353 1023 2416 tertia
1046 2353 1116 2435 sub,
1141 2352 1198 2416 sed
1214 2353 1351 2416 unisono
1375 2371 1464 2415 care-

194 2461 251 2543 bit,
275 2461 308 2525 la
323 2462 420 2525 tertia
435 2480 549 2553 supra3
573 2461 747 2544 oso-utut,
770 2461 824 2542 mi,
849 2460 908 2541 sol,
931 2461 1062 2524 decl-re
1076 2465 1121 2542 ut,
1145 2459 1256 2543 re,'fa,
1279 2460 1321 2538 la,
1345 2460 1465 2523 ela-mi

194 2592 239 2650 re,
263 2569 317 2645 mi,
342 2569 400 2651 sol,
423 2569 546 2652 ssa-ut
565 2573 610 2652 ut,
634 2569 688 2646 mi,
712 2568 754 2650 fa,
782 2568 824 2651 la,
845 2589 867 2651 9
885 2571 1036 2632 cotra-ut
1056 2590 1100 2650 re,
1125 2569 1167 2644 fa,
1192 2567 1250 2651 sol,
1282 2589 1303 2631 a
1320 2568 1464 2632 la-mi-re

195 2682 239 2760 ut,
264 2678 318 2756 mi,
343 2677 413 2740 sol²
428 2660 469 2754 la,
494 2665 565 2760 bfo
579 2699 623 2759 re,
647 2676 689 2758 fa,
714 2677 755 2759 la,
779 2667 863 2754 dmi
881 2698 925 2758 re,
948 2676 989 2740 la.
1036 2676 1078 2740 Et
1098 2675 1263 2760 hucusque
1280 2675 1463 2740 differentia

195 2786 257 2850 fuit
285 2786 320 2849 in
344 2785 489 2868 quolibet
510 2784 592 2850 loco.
638 2785 757 2849 Postea
785 2806 861 2848 vero
884 2785 1064 2868 csotsa-ut
1088 2784 1171 2849 siout
1193 2805 1209 2848 c
1219 2785 1312 2868 far-ut
1331 2787 1377 2866 ut,
1408 2783 1461 2865 mi,

196 2891 244 2956 sol
261 2891 434 2972 obtinebit3
459 2891 505 2956 sic
520 2893 691 2956 dtu-actm
706 2891 789 2956 sicut
803 2893 927 2956 dactre
947 2897 992 2970 ut,
1017 2915 1061 2976 re,
1085 2891 1127 2974 fa,
1151 2892 1197 2971 la;
1221 2913 1281 2956 nec
1302 2891 1462 2966 differunt,

195 3001 259 3064 nisi
282 3000 376 3084 quod,
402 3000 430 3063 si
451 2999 679 3080 illorumsunt
694 2999 866 3084 simplices,
890 3001 1027 3064 istorum
1047 2999 1245 3084 compositae
1269 3003 1352 3076 sunt,
1379 2999 1464 3083 quod

196 3107 223 3171 si
245 3108 389 3191 priorum
412 3107 619 3191 compositae,
643 3109 779 3172 istorrmr
803 3107 1041 3190 decompositae
1066 3111 1167 3183 erunt,
1193 3108 1232 3172 de
1256 3129 1318 3192 qua
1334 3127 1464 3191 compo-

196 3216 312 3281 sitione
335 3217 401 3279 iam
424 3215 562 3280 diximus
585 3237 689 3300 supra.
736 3215 827 3279 Idem
850 3236 976 3299 quoque
1000 3215 1039 3278 da
1063 3213 1195 3298 reliquis
1218 3215 1297 3279 locis
1320 3213 1465 3280 seriatim

197 3323 376 3387 dicendum.

284 3430 377 3509 Quod
400 3431 428 3494 si
451 3430 605 3495 facillime
627 3431 775 3495 volumus
799 3442 832 3496 et
854 3431 918 3496 alia
937 3435 1103 3517 gammata
1126 3432 1195 3495 sine
1218 3453 1337 3516 magno
1353 3431 1464 3496 labore

198 3556 405 3622 componere,
446 3538 602 3622 disposito
640 3539 744 3622 primo
785 3538 834 3604 sic.
867 3539 1041 3604 faciemus:
1081 3540 1214 3622 cusa-at
1247 3539 1359 3623 quinto
1392 3538 1464 3603 loco

197 3648 289 3710 sedet
312 3647 352 3711 ab
374 3647 439 3711 ista
461 3646 646 3725 coniuncta;
670 3647 717 3710 sic
735 3668 811 3732 ergo
827 3647 932 3730 quinis
955 3647 989 3710 in
1004 3647 1084 3712 locis
1101 3669 1135 3711 aa
1150 3647 1315 3711 tendente
1339 3646 1466 3731 Argue-

198 3776 269 3817 mus
292 3753 392 3839 igitur
415 3754 476 3819 sic:
500 3758 592 3818 tanta
615 3753 768 3818 distantia
792 3759 841 3819 cst
861 3755 947 3819 inter
968 3777 1099 3840 gamma
1123 3759 1155 3819 et
1176 3777 1313 3841 gamma,
1346 3756 1466 3837 quanta

196 3862 282 3925 inter
312 3866 341 3925 Γ
340 3867 379 3926 ut
405 3866 437 3926 et
464 3863 486 3926 d
512 3864 624 3940 sol-rm
653 3865 689 3924 ut
713 3883 790 3947 ergo
820 3883 854 3926 se
883 3862 998 3927 habuit
1024 3861 1106 3928 illud
1134 3883 1263 3948 gamma
1292 3884 1365 3926 cum
1389 3866 1419 3925 Γ
1417 3866 1464 3942 at,

197 3967 243 4032 ita
266 3969 352 4033 istud
375 3991 447 4033 cum
470 3972 607 4034 decl-re.
655 3969 815 4048 Quoniam
832 3992 877 4051 re,
900 3969 943 4053 fa,
967 3970 1000 4034 la
1017 3974 1066 4035 est
1080 3970 1261 4054 utrobique,
1287 3991 1465 4035 consonan-

197 4079 263 4140 tiae
288 4076 419 4142 eaedem
446 4084 529 4143 sunt.
556 4080 626 4163 (pag.
642 4081 696 4160 60.)
744 4077 797 4142 Sic
820 4099 836 4141 c
857 4079 952 4142 bari
978 4100 1051 4142 cum
1077 4099 1141 4160 are,
1170 4078 1245 4162 quia
1271 4078 1305 4142 in
1327 4081 1465 4161 utroque

102 4263 105 4271 1
198 4187 242 4264 ut,
267 4185 322 4267 mi,
348 4184 404 4248 sol.
451 4187 545 4249 Ratio
567 4190 616 4250 est
632 4185 892 4267 demonstrativa,
918 4186 1070 4269 quoniam
1085 4189 1212 4252 tantum
1228 4186 1327 4250 distat
1341 4207 1357 4249 c
1371 4187 1468 4249 1111111

199 4315 217 4355 a
245 4313 303 4355 suo
334 4295 496 4375 gemmato
527 4297 681 4376 quantum
711 4314 732 4356 a
752 4313 787 4356 re
816 4293 857 4357 ab
883 4314 930 4375 eo,
962 4293 1013 4357 cui
1041 4297 1253 4377 comparatur.
1300 4292 1365 4358 Sed
1396 4315 1468 4357 cum

286 4630 295 4667 1
313 4626 389 4696 quia.
597 4629 608 4666 ‘2
625 4628 662 4684 fa.
842 4631 854 4668 ³
871 4630 1041 4685 renuebant.
