3742 5528
936 375 1256 444 -54-.

421 553 465 613 ta.
510 549 647 634 Propter
668 545 751 614 hanc
777 549 878 636 igitur
901 548 1116 614 differentiam
1139 546 1301 613 coniuncti
1323 547 1448 612 scilicet
1475 553 1506 612 et
1535 547 1686 612 disiuncti

423 658 552 723 additur
574 657 698 742 species
721 657 877 741 diapason
900 661 1022 723 octava.
1062 655 1230 734 Quomodo
1253 660 1361 722 autem
1386 679 1425 721 ex
1446 656 1498 720 his
1517 657 1686 740 speciebus

422 765 510 830 modi
533 761 607 830 sive
624 761 702 832 toni
716 766 916 851 proveniant,
940 785 1024 829 nunc
1047 764 1250 829 disseremus.

624 1084 626 1088 ·
701 1097 704 1103 ·
792 1027 1036 1149 capitulum
1068 1065 1314 1134 secundum.

831 1236 891 1336 De
918 1236 1060 1331 origine
1068 1243 1076 1330 ’1
1087 1244 1271 1308 tonorum.

424 1403 500 1538 EX
534 1403 689 1488 diapason
722 1404 823 1490 igitur
851 1403 1102 1488 [consonantiae]
1134 1403 1317 1488 speciebus,
1356 1405 1392 1465 ut
1422 1401 1468 1465 ait
1499 1401 1686 1484 Boetius1,

492 1512 634 1577 existunt
657 1511 711 1596 qui
740 1511 945 1596 appellantur
972 1510 1072 1591 modi,
1105 1532 1184 1594 quos
1212 1510 1345 1575 'eosdem
1375 1513 1486 1595 tropos
1513 1509 1565 1574 vel
1594 1513 1688 1574 tonos

423 1620 602 1685 nominant.
641 1619 725 1709 Sunt
750 1618 835 1683 enim
857 1617 943 1702 tropi
966 1617 1213 1682 constitutiones
1236 1619 1270 1682 in
1292 1617 1370 1683 totis
1386 1639 1501 1684 vocum
1524 1618 1689 1683 ordinibus

424 1728 477 1792 vel
492 1729 652 1814 gravitate
675 1726 728 1791 vel
751 1725 897 1791 acumine
914 1725 1109 1790 differentes.
1149 1725 1346 1791 Constitutio
1362 1747 1450 1790 vero.
1463 1729 1512 1791 est
1538 1725 1690 1810 [plenum]

423 1836 538 1900 veluti·
553 1833 784 1899 modulationis
811 1855 927 1918 eorpus
950 1840 997 1898 'ex
1020 1834 1303 1898 consonantiarum
1331 1833 1557 1899 coniunctione
1586 1833 1690 1897 consi-

425 1948 523 2008 stens.
562 1942 715 2027 Appellat
731 1943 817 2008 enim
833 1941 992 2024 Boetius
1012 1941 1072 2006 hos
1088 1943 1201 2007 modos
1218 1942 1348 2006 nomine
1363 1942 1495 2027 proprio
1512 1941 1688 2006 distinctos.

424 2053 517 2117 Unde
534 2051 613 2116 dicit
634 2053 738 2135 ipse:²
761 2072 824 2135 quo
842 2049 925 2114 enim
949 2072 1160 2134 unaquaeque
1177 2071 1256 2136 gens
1279 2051 1408 2136 gaudet,
1434 2050 1546 2115 eodem
1560 2050 1690 2114 nomine

424 2163 628 2245 nuncupatus
652 2157 769 2239 estut
793 2158 910 2240 dorius,
936 2159 1011 2242 quia
1032 2157 1144 2224 Dorici
1169 2180 1206 2223 eo
1229 2158 1423 2243 gaudebant,
1449 2158 1495 2221 sio
1511 2157 1690 2241 appellatus

426 2273 475 2334 est
498 2272 530 2332 et
554 2291 593 2332 ex
611 2268 716 2350 prima
738 2268 845 2350 specie
870 2267 1021 2351 diapente
1045 2270 1078 2330 et
1092 2266 1197 2350 prima
1220 2266 1326 2349 specie
1343 2267 1543 2330 diatessaron
1564 2265 1692 2329 intensa

426 2398 523 2460 supra
546 2376 697 2458 diapente
721 2378 856 2458 constat,
881 2375 1006 2438 scilicet
1026 2376 1083 2438 db
1099 2378 1132 2438 et
1146 2376 1167 2438 b
1182 2376 1201 2456 1,
1227 2396 1322 2458 quam
1346 2374 1501 2459 diapason
1522 2373 1557 2437 in
1578 2377 1691 2457 quarto

425 2485 498 2550 loco
520 2483 661 2548 locatam
685 2482 821 2546 diximus
853 2503 932 2547 esse.
980 2481 1061 2546 Cum
1089 2486 1197 2574 autem
1226 2481 1306 2546 haec
1334 2482 1485 2564 diapente
1507 2480 1606 2546 habet
1633 2481 1692 2544 sub

427 2614 460 2656 se
485 2591 686 2655 diatessaron
707 2579 857 2673 remissa,
881 2590 966 2654 idest
986 2591 1052 2672 do,
1078 2590 1260 2673 appellatur
1287 2588 1497 2674 hypodorius,
1532 2588 1606 2672 quia
1633 2589 1693 2652 sub

427 2699 517 2765 dorio
535 2698 711 2763 collocatus
736 2702 797 2762 cst.¹
832 2697 1014 2762 Secundam
1029 2719 1106 2762 vero
1129 2699 1270 2782 speciem
1288 2698 1438 2781 diapente
1460 2719 1532 2762 cum
1554 2697 1694 2761 secunda

427 2808 627 2871 diatessaron
642 2807 770 2870 intensa
792 2795 900 2886 11111
921 2799 938 2884 b
956 2827 998 2888 m,
1023 2807 1167 2890 appellat
1188 2805 1370 2892 phrygium,
1396 2806 1470 2891 quia
1493 2805 1577 2888 apud
1592 2803 1694 2886 Phry·

426 2914 497 3000 gios
522 2918 591 2978 erat
613 2915 647 2978 in
670 2937 739 2978 usu.
778 2913 836 2979 sin
859 2935 935 2979 vero
958 2915 1099 2979 secunda
1121 2915 1244 2998 species
1265 2913 1415 2997 diapente
1439 2913 1611 2977 secundam
1634 2913 1693 2977 sub

427 3024 462 3086 s'e
495 3022 642 3087 remittat
674 3021 889 3104 diatessaron,
924 3021 1167 3107 hypophrygius
1199 3021 1316 3086 dicitur
1344 3023 1385 3086 ab
1415 3022 1486 3104 ipso
1515 3024 1551 3084 ut
1578 3011 1694 3098 11111)

428 3130 627 3196 diatessaron
650 3131 793 3195 remissa.
837 3130 982 3196 Tertiam
1004 3152 1080 3195 vero
1103 3129 1254 3212 diapente
1278 3150 1351 3194 cum
1372 3130 1471 3193 tertia
1494 3127 1695 3192 diatessaron

426 3238 556 3303 intensa
579 3239 723 3321 appellat
745 3238 876 3323 lydium,
902 3239 987 3323 quod
1009 3240 1043 3303 in
1065 3238 1176 3322 Lydia,
1201 3238 1285 3302 unde
1308 3237 1415 3301 Tusciv
1434 3235 1568 3300 trahunt
1597 3235 1695 3320 origi-

429 3367 512 3428 nem,
542 3345 659 3410 maiori
687 3367 760 3411 cum
789 3348 907 3432 gaudio
937 3345 1204 3431 frequentabatur
1230 3349 1266 3408 ut
1287 3345 1309 3428 f
1317 3347 1337 3408 t·
1359 3345 1533 3426 diapentep
1549 3345 1613 3406 111
1630 3342 1696 3405 dia-

429 3458 577 3519 tessaron
592 3454 729 3518 intensa.
776 3453 870 3531 Quod
892 3455 920 3519 si
944 3455 1144 3518 diatessaron
1166 3475 1231 3518 non
1252 3474 1348 3535 supra
1370 3453 1427 3516 sed
1441 3451 1526 3514 infra
1544 3450 1694 3529 tenuerit,

428 3560 622 3646 hypolydius
649 3561 869 3626 nominabitur
890 3562 1015 3627 ratione
1039 3560 1204 3644 praedicta
1229 3564 1266 3623 ut
1287 3560 1309 3643 f
1318 3562 1337 3624 1
1359 3560 1523 3642 diapente,
1553 3558 1575 3641 f
1584 3579 1601 3622 c
1627 3557 1696 3621 dia-

429 3669 612 3733 tessaron*.
659 3667 781 3745 Quarta
812 3691 888 3733 vero
925 3669 1080 3752 diapente
1105 3668 1228 3753 species
1259 3689 1331 3731 curn
1359 3667 1465 3750 prima
1497 3666 1695 3730 diatessaron

430 3778 563 3858 intensa
575 3780 664 3840 caret
679 3776 809 3840 nomine
824 3777 965 3861 proprio.
1004 3776 1069 3841 Sed
1093 3778 1167 3861 quia
1189 3775 1279 3840 iuxta
1300 3774 1422 3858 lydium
1445 3774 1612 3858 proposita
1635 3775 1695 3853 est,

429 3883 623 3968 mixolydius
656 3887 705 3947 est
728 3883 966 3967 appellatusut
990 3887 1042 3968 yl
1065 3883 1213 3968 diapente
1240 3885 1380 3963 intensa,
1416 3884 1464 3946 lo
1498 3882 1697 3965 diatessaron

429 3991 564 4056 intensa.
612 3991 705 4068 Quod
733 3991 761 4055 si
788 3992 989 4057 diatessaron
1010 4014 1107 4076 supra
1136 4015 1169 4057 se
1198 4014 1265 4057 non
1287 3990 1472 4071 intenderit,
1501 3989 1557 4053 sed
1580 3989 1639 4052 sub
1662 4009 1696 4050 se

429 4095 590 4160 remiserit
611 4094 908 4197 hypermixolydius
933 4101 982 4160 est
1003 4099 1204 4178 nuncupatus
1227 4099 1264 4159 ut
1284 4096 1331 4178 pl
1352 4095 1512 4176 diapente,
1533 4093 1609 4176 pel?
1631 4091 1698 4154 dia·

428 4200 778 4272 11111101111111111.,’,
840 4227 875 4256 π

519 4409 618 4464 111111.
638 4410 711 4464 Mus.
731 4412 780 4479 IV,
793 4411 827 4464 15
846 4411 898 4478 (ed.
918 4411 1070 4479 Friedlein,
1089 4429 1116 4480 p.
1130 4411 1188 4478 341,
1202 4419 1231 4464 19
1243 4410 1288 4476 11)..

516 4495 1239 4566 2Ι1111.Μ111.Ι,1(111.1111111111,1118117111.
1318 4489 1321 4494 ’
1405 4487 1484 4565 ’391
1584 4511 1586 4516 ·

516 4572 674 4638 *Facilius
708 4582 933 4638 introducuntur
966 4583 1003 4638 ad
1036 4583 1110 4638 hanc
1141 4583 1337 4653 cognitionem
1364 4583 1482 4636 iuvenes
1510 4579 1696 4635 institutione

431 4667 570 4722 (luidonis
590 4685 676 4737 quam
694 4669 763 4724 solis
783 4669 932 4739 alphabeti
950 4669 1057 4724 litteris
1076 4669 1117 4724 ibi
1137 4669 1292 4740 dispositis.
