3734 5572
172 1245 354 1347 Tertia
377 1277 519 1378 pars,
545 1244 733 1376 inqua
758 1245 823 1347 de
846 1244 1084 1346 numeris
1109 1244 1436 1377 harmonicis

490 1421 701 1553 copiose
736 1428 1114 1554 pertractatur.

536 1679 838 1752 'rRACTATUS
865 1678 1069 1751 PRIMUS.
1119 1681 1121 1684 ’

568 1907 811 1988 capitulum
838 1907 1038 1988 primum.
1145 1957 1149 1965 .

170 2105 319 2243 BINAS
350 2104 465 2190 longas
492 2104 667 2168 maximam
693 2105 851 2189 binasque
878 2105 993 2168 breves
1024 2104 1156 2190 longam
1185 2109 1280 2189 atque
1307 2105 1438 2169 brevem

242 2214 320 2279 duas
338 2213 544 2294 semibreveS,
570 2213 626 2276 sed
650 2216 683 2276 et
699 2211 912 2277 semibrevem
936 2213 1014 2275 duas
1030 2211 1180 2284 minimas
1202 2213 1288 2276 intra
1311 2233 1345 2276 se
1364 2234 1439 2277 con-

170 2323 274 2386 tinere
296 2321 362 2386 iam
384 2321 507 2406 liquido
526 2321 775 2384 monstravimus
798 2342 856 2404 per
878 2319 1109 2405 geometricam
1131 2319 1439 2384 demonstrationem

171 2429 205 2492 in
227 2429 332 2512 prima
358 2433 450 2513 parte
479 2427 577 2493 tertio
604 2432 745 2492 tractatu
773 2427 915 2512 capitulo
947 2428 985 2492 de
1016 2428 1136 2492 notulis
1146 2432 1164 2491 ¹.
1210 2428 1249 2491 111
1276 2429 1341 2492 ista
1363 2451 1439 2493 vero

171 2541 276 2620 parte,
310 2560 392 2621 quae
425 2541 495 2602 tota
524 2558 731 2601 numerorum
764 2541 826 2618 est,
860 2534 999 2620 qualiter
1033 2536 1146 2600 eadem
1173 2540 1251 2601 nota
1284 2540 1350 2600 tres
1385 2541 1440 2600 aut

172 2645 281 2729 plures
318 2646 421 2730 possit
458 2644 566 2708 valere
604 2643 774 2708 dicendum
812 2647 879 2708 rest
900 2648 922 2708 t.
982 2642 1247 2709 Consideratione
1284 2645 1439 2727 temporis

174 2757 319 2835 accepta,
354 2776 435 2836 quae
464 2753 499 2817 in
526 2752 638 2836 pulsus
665 2752 810 2817 noscitur
837 2752 1065 2836 palpitatione,
1097 2751 1178 2817 scire
1211 2773 1271 2817 nos
1302 2755 1438 2835 oportet,

126 2867 128 2872 ’
171 2866 280 2924 utrum
295 2861 421 2942 duplari
443 2864 499 2924 aut
520 2859 648 2943 triplari
672 2864 727 2923 aut
748 2859 955 2943 quadruplam
980 2881 1050 2923 eam
1074 2860 1241 2944 contingat
1263 2864 1319 2924 aut
1342 2861 1440 2924 etiam

172 2967 340 3031 dimidiare
364 2973 419 3031 aut
441 2967 600 3032 trifariam
623 2967 691 3031 sive
715 2967 946 3051 quadrifariam
970 2967 1122 3030 dividere.
1174 2987 1177 2991 ·

256 3076 365 3139 Prima
394 3077 480 3140 enim
510 3075 726 3141 consideratio
755 3077 869 3141 modus
898 3074 1014 3139 dicitur
1035 3096 1101 3138 non
1129 3073 1365 3138 emodulando
1389 3075 1441 3138 vel

172 3205 192 3246 a
221 3183 394 3266 movendo,
426 3188 462 3248 ut
491 3205 588 3267 supra
616 3183 737 3248 dictum
768 3187 825 3266 est,
856 3183 913 3247 sed
942 3205 961 3246 a
990 3187 1172 3265 temporum
1201 3181 1440 3246 modificatione

171 3291 224 3355 vel
253 3290 493 3375 computatione
526 3292 646 3357 dietum
675 3291 877 3355 arbitramur.
928 3290 1111 3356 Secundum
1140 3311 1216 3355 vero
1249 3291 1440 3375 magistrum

172 3399 432 3464 Franconem2
456 3402 505 3462 est
528 3399 711 3463 coniunctio
735 3399 807 3464 soni
829 3399 1049 3482 temporisque
1079 3397 1186 3484 longis
1208 3397 1329 3462 notulis
1352 3420 1441 3461 men-

173 3507 283 3588 surati,
308 3507 394 3590 quod
415 3504 499 3569 nihil
522 3505 609 3570 aliud
638 3511 687 3570 est
710 3528 806 3590 quam
834 3507 919 3591 quod
941 3507 1055 3571 modus
1084 3510 1133 3570 est
1156 3507 1340 3570 coniunctio
1367 3528 1441 3588 pro·

152 3606 341 3697 portionis,
365 3636 447 3698 quae
464 3613 630 3700 consurgit
654 3637 693 3678 ex
707 3614 793 3678 notis
816 3613 923 3700 longis
947 3619 979 3678 et
995 3615 1146 3678 brevibus
1169 3613 1256 3677 viam
1271 3635 1441 3678 mensurae

176 3722 392 3787 mensurando
415 3721 539 3786 scilicet
560 3725 688 3804 tempus
710 3723 826 3805 ipsum.
1066 3737 1067 3740 ’

259 3829 401 3894 Prolatio
433 3829 518 3893 enim
549 3853 568 3892 a
598 3828 805 3912 proferendo,
842 3830 930 3913 quia,
966 3850 1039 3893 cum
1069 3834 1197 3912 tempus
1228 3828 1380 3893 dividitur
1407 3829 1441 3893 in

173 3941 292 4018 partes,
317 3937 432 4001 melius
455 3936 627 4020 profertur,
652 3941 688 4001 ut
710 3938 744 4001 in
766 3959 917 4001 versuum
941 3937 1099 4022 contingit
1129 3937 1306 4001 scansione.
1351 3935 1442 4022 Egi-

173 4043 257 4108 dius
290 4066 366 4108 vero
401 4046 444 4109 de
479 4045 626 4109 Marino
661 4045 749 4127 dicit,
790 4046 876 4129 quod
908 4045 982 4110 ideo
1018 4044 1134 4109 dieitur
1172 4044 1327 4128 prolatio,
1367 4043 1441 4128 quia

259 4333 269 4368 1
286 4329 342 4383 Das
362 4329 440 4384 citat
457 4330 532 4385 trifft
549 4332 595 4386 fiir
615 4332 660 4388 die
679 4333 810 4388 Praetica
832 4332 913 4386 nicht
931 4350 973 4385 zu.
1009 4330 1167 4386 Vielieicht
1188 4330 1304 4386 bezieht
1326 4346 1356 4384 es
1379 4330 1442 4384 sich

172 4414 225 4469 auf
240 4416 287 4469 ein
305 4415 433 4470 frdheres
452 4416 550 4486 work,
571 4419 620 4474 das
640 4419 680 4472 im
698 4419 803 4488 Epilog
821 4420 967 4488 genannte
986 4417 1223 4472 Introductora'mn.

258 4501 349 4570 ²ng
370 4501 631 4573 Coussemaker,
651 4504 811 4574 Scriptores
829 4507 852 4572 Ι,
870 4504 920 4558 118
929 4505 957 4559 b.
982 4504 1034 4559 'In
1056 4503 1277 4574 Anmerkungl
1302 4503 1443 4559 ebendort

174 4589 243 4644 wird
261 4589 334 4644 auch
354 4587 400 4642 die
420 4587 520 4643 Lesart
540 4591 736 4647 ›coniunctio‹
757 4591 930 4662 aufgefithrt.
