3742 5528
964 306 1181 376 ,24-

511 485 587 549 ¹His
621 485 802 551 'rationibus
836 486 1042 571 geometricis
1076 486 1293 572 adiungantur
1325 490 1459 550 naturae
1492 507 1712 550 numerorum.

445 593 529 657 Nam
545 601 658 658 monas
679 595 817 677 punctus
839 589 986 678 putatur‚'
1006 594 1089 677 quia,
1107 593 1190 658 sicut
1204 596 1342 677 punctus
1358 583 1473 677 corpus
1489 615 1553 658 non
1571 581 1629 676 est,
1653 594 1713 657 sed

446 724 486 766 ex
509 723 543 766 se
567 700 646 766 facit
669 723 794 784 corpus,
817 701 863 766 ita
885 723 999 766 monas
1020 723 1172 766 numerus
1201 723 1358 766 essenon
1382 701 1499 766 dicitur
1520 702 1577 766 sed
1598 695 1712 766 nume-

441 813 550 874 rorum
574 809 674 895 origo.
730 808 857 874 Primus
889 807 966 895 'ergo
992 831 1145 874 numerus
1165 805 1316 873 'binarius
1345 813 1402 891 est,
1432 811 1486 894 qui
1517 809 1631 874 similis
1662 815 1712 874 est

439 918 546 984 lineae
580 918 619 982 de
653 917 773 1002 puncto
805 917 865 982 sub
894 915 1024 1004 gemina
1051 921 1244 1000 punctorum
1266 909 1494 982 terminatione
1516 905 1708 1001 protractae.

441 1025 503 1090 Hic
526 1027 678 1090 numerus
701 1025 786 1090 idest
809 1025 952 1090 binarius
976 1025 1156 1110 duplicatus
1180 1021 1219 1089 ds
1243 1046 1277 1089 se
1301 1030 1438 1109 quatuor
1458 1025 1550 1106 facit;
1582 1031 1712 1111 quater-

439 1134 549 1198 narius
573 1155 700 1218 quoque
727 1133 910 1220 geminatus
942 1135 1142 1199 octonarium
1164 1133 1278 1215 reddit,
1311 1135 1365 1216 qui
1390 1156 1543 1199 numerus
1571 1135 1711 1200 solidum

440 1243 555 1324 corpus'
585 1241 739 1306 imitatur.
785 1241 934 1306 Diximus
969 1242 1054 1307 enim
1073 1241 1160 1306 'duas
1187 1241 1291 1307 lineas
1319 1243 1442 1308 duabus
1473 1233 1569 1307 lincis
1599 1265 1711 1326 super-

439 1349 562 1431 positas
591 1353 664 1414 octo
697 1349 903 1434 angulorum
923 1349 1123 1415 dimensione
1151 1351 1313 1436 integram
1340 1350 1483 1434 corporis
1512 1339 1710 1415 soliditatem

440 1477 558 1521 creare.
617 1457 660 1522 Ec
692 1456 754 1522 hoc
785 1462 844 1540 est,
880 1459 966 1542 quod
996 1459 1081 1542 apud
1111 1462 1296 1543 geometros
1331 1459 1448 1523 dicitur
1475 1458 1526 1523 bis
1555 1458 1632 1523 bina
1657 1458 1709 1523 bis

440 1569 557 1648 corpus
580 1564 718 1630 solidum
746 1587 826 1647 esse,
852 1567 937 1650 quod
963 1565 1188 1631 Macrobius
1219 1571 1450 1631 commemorat
1477 1566 1510 1630 in
1538 1566 1642 1631 libro¹
1672 1568 1709 1630 de

438 1673 564 1736 sosacio
587 1672 756 1757 Socptcnc's·
783 1672 855 1737 aliis
890 1674 1019 1757 quidem
1052 1673 1169 1752 verbis,
1205 1675 1340 1738 eandem
1371 1679 1481 1739 tamen
1514 1664 1708 1739 sententiam

440 1780 690 1844 continentibus.
736 1779 780 1845 Et
812 1781 987 1846 concludit:
1028 1805 1047 1846 a
1077 1781 1148 1865 pari
1177 1803 1254 1868 ergo
1280 1805 1415 1847 numero
1443 1782 1584 1847 accessio
1606 1804 1707 1866 usque

438 1889 480 1952 ad
502 1891 575 1952 octo
604 1888 750 1954 soliditas
775 1892 825 1953 est
846 1889 999 1972 corporis,
1033 1895 1065 1955 et
1091 1891 1310 1974 prosequitur:
1338 1890 1412 1955 ideo
1438 1891 1524 1955 inter
1550 1890 1708 1975 principia

437 1994 513 2060 huic
535 2017 670 2060 numero
692 1996 927 2081 plenitudinem
952 1998 1115 2082 deputant.
1162 1997 1390 2063 Concludimus
1418 2021 1495 2084 ergo
1523 2021 1595 2082 noe,
1622 1999 1707 2083 quod

439 2104 494 2187 qui
524 2109 596 2168 octo
623 2127 719 2171 voces
745 2108 875 2170 truncat
903 2109 959 2170 aut
984 2105 1101 2171 minuit
1129 2129 1147 2170 a
1169 2106 1292 2170 musica
1324 2111 1444 2186 nostra,
1475 2106 1706 2190 perfectionem

439 2215 536 2295 atque
558 2212 793 2295 plenitudinem
817 2213 923 2278 aufert
945 2215 986 2279 ab
1011 2237 1057 2279 ea.
1104 2214 1178 2279 Non
1205 2236 1282 2300 ergo
1310 2209 1462 2279 numerus
1489 2225 1620 2279 octavus
1647 2215 1706 2277 im·
1795 2258 1801 2266 -

438 2318 602 2402 perfectus
626 2325 685 2402 est,
709 2320 822 2385 sedin
843 2319 966 2392 musica
981 2321 1095 2406 plenus
1119 2326 1215 2407 atque
1230 2322 1402 2407 perfectus,
1428 2322 1579 2414 quoniam
1601 2327 1706 2387 totum

438 2428 608 2491 continens
632 2432 682 2491 cst
705 2432 737 2492 et
758 2417 847 2493 totus
870 2433 1055 2512 concentus,
1078 2435 1115 2494 ut
1137 2452 1234 2514 saepe
1258 2430 1452 2508 dictumest,
1478 2435 1551 2496 octo
1573 2431 1706 2495 vocibus

438 2534 622 2599 includitur.
667 2535 742 2624 Non
777 2558 853 2622 ergo
882 2537 1011 2620 frustra,
1039 2537 1138 2602 immo
1166 2539 1348 2604 necessario
1377 2539 1498 2602 utimur
1526 2537 1705 2614 octonari03

439 2645 471 2706 et
495 2642 533 2706 de
556 2641 607 2706 his
629 2642 794 2709 hactenus.
841 2644 934 2709 Nunc
958 2646 998 2709 ad
1020 2667 1132 2710 vocem
1154 2645 1265 2732 figuris
1288 2647 1322 2710 in
1345 2645 1442 2730 plano
1462 2649 1706 2730 repraesentan-

438 2750 512 2814 dam
535 2749 734 2816 festinamus.

436 3019 438 3023 ’
527 3027 666 3084 ¹librum.
