3734 5572
715 323 929 387 ..71-

279 495 374 562 Nona
400 494 617 582 redarguitur,
648 495 730 580 quia,
756 497 783 560 si
806 501 900 561 tenor
926 497 1042 563 dixerit
1068 499 1131 581 cs,
1160 520 1316 584 organum
1338 499 1459 583 poterit

189 607 209 669 lc
230 607 250 668 t
273 603 378 670 dicere
402 605 486 668 sicut
507 607 527 668 lc
548 605 578 669 h.

186 749 189 754 ·
277 713 411 777 Decima
434 712 688 796 reprehenditur,
719 713 878 798 quoniam,
904 715 932 778 si
954 719 1048 780 tenor
1069 715 1188 798 psallat
1209 737 1225 778 c
1247 736 1272 797 c,
1301 735 1458 801 organum

189 820 427 886 meliusfaciet
448 842 482 884 m
504 843 539 884 m
561 843 656 905 quam
679 843 713 884 m
735 843 761 886 ο.
1117 820 1121 826 ’
1186 821 1189 825 ’
1230 820 1234 824 ’

276 928 455 993 Undecima
482 951 559 993 vero
588 929 725 992 multum
757 929 893 994 discedit
922 953 941 994 a
970 931 1116 1009 veritate,
1147 931 1229 1015 quia,
1262 952 1335 994 oum
1364 934 1458 994 tenor

190 1035 291 1101 saltus
314 1037 393 1102 facit
417 1043 449 1102 et
464 1037 636 1120 anfractus,
661 1059 818 1124 organum
834 1039 932 1104 debet
946 1061 1042 1104 voces
1065 1060 1139 1102 suas
1156 1039 1346 1103 coadunare.
1373 1037 1456 1102 Nam

191 1145 219 1208 si
243 1145 338 1209 ambo
365 1167 424 1229 per
446 1145 546 1220 saltus
576 1150 607 1210 et
635 1145 797 1210 anfractus
821 1147 1009 1230 discurrant,
1040 1150 1203 1211 certamen
1230 1147 1337 1230 potius
1362 1169 1458 1230 quam

189 1251 358 1316 harmonia
382 1252 513 1335 dicetur,
537 1257 574 1317 ut
596 1253 726 1318 sidicat
747 1255 808 1337 cd,
833 1276 990 1340 organum
1012 1254 1128 1319 melius
1151 1254 1249 1319 faciet
1270 1250 1339 1318 neh
1363 1275 1458 1338 quam

188 1362 264 1423 ml.
310 1360 352 1424 Et
374 1365 450 1426 tunc
473 1365 608 1443 tantum,
639 1366 794 1446 quantum
822 1367 916 1426 tenor
942 1359 1076 1445 incipiat
1103 1362 1203 1426 saltus
1234 1366 1266 1426 et
1295 1361 1457 1426 anfractus

189 1467 305 1547 facere,
330 1470 441 1554 (tanto)
459 1490 615 1554 organum
638 1469 773 1553 incipiat
795 1471 985 1553 coadunare,
1009 1474 1053 1552 ut,
1079 1491 1151 1534 cum
1166 1465 1260 1534 tenor
1281 1491 1336 1550 cc,
1361 1491 1457 1554 orga-

188 1598 265 1639 num
288 1597 322 1638 aa
344 1565 368 1656 t,
396 1580 490 1642 tenor
512 1578 575 1661 cf,
606 1599 762 1662 organum
792 1600 826 1641 aa
852 1579 879 1660 lc,
908 1583 1003 1642 tenor
1024 1599 1041 1642 c
1059 1600 1089 1662 9,
1119 1600 1275 1663 organum
1297 1599 1331 1640 m
1354 1580 1393 1664 l,
1420 1577 1457 1642 In

190 1681 252 1747 hoc
276 1683 361 1747 enim
386 1685 541 1768 exemplo,
571 1685 599 1749 si
623 1686 779 1768 advertas,
804 1685 945 1750 maxima
974 1690 1023 1750 est
1046 1686 1280 1764 convenientia,
1306 1683 1458 1769 quoniam

189 1793 283 1874 tenor
306 1813 325 1854 a
348 1793 488 1856 secunda
510 1814 611 1877 usque
636 1794 676 1857 ad
699 1793 844 1877 quintam
866 1791 1159 1877 paulatim'incipit
1181 1790 1329 1877 psallere,
1364 1815 1458 1878 orga-

190 1919 267 1960 num
289 1921 366 1964 vero
391 1923 407 1964 c
432 1905 544 1964 contra
568 1923 586 1964 a
609 1902 721 1985 quinta
744 1923 845 1984 usque
874 1903 914 1965 ad
937 1898 1111 1966 secundam
1134 1923 1229 1966 voces
1253 1902 1454 1966 coadunavit.

188 2005 258 2070 Hoc
285 2007 356 2091 (pag.
371 2009 414 2089 58)
445 2007 530 2071 enim
552 2009 648 2072 modo
677 2007 846 2073 hemonia
874 2013 1010 2094 generat
1038 2009 1072 2073 in
1103 2009 1227 2073 animos
1258 2009 1457 2073 audientium

190 2115 350 2196 quandam
378 2114 510 2178 insitam
537 2114 748 2196 dulcedinem,
779 2137 860 2198 quae
887 2137 953 2180 non
979 2119 1088 2198 potest
1117 2115 1270 2199 explicari
1298 2137 1454 2180 sermone.

140 2205 148 2228 ⁸
189 2220 309 2285 Verum
331 2221 435 2285 nostri
458 2226 605 2287 cantores
627 2222 708 2287 haec
730 2223 864 2287 minime
888 2224 1101 2306 considerant,
1130 2225 1187 2288 sed
1213 2223 1294 2287 illud
1320 2227 1454 2304 tantum,

190 2327 276 2410 quod
297 2329 523 2414 imaginationi
547 2329 604 2394 seu
626 2330 785 2394 fantasiae
809 2353 885 2395 suae
908 2332 1028 2415 placet,
1060 2332 1235 2395 secundum
1259 2331 1457 2396 accidentem

190 2433 435 2517 dispositionem
458 2438 593 2503 credunt
616 2439 766 2503 omnihus
789 2439 949 2503 advenire.
995 2439 1038 2503 Et
1059 2439 1134 2503 inde
1159 2444 1216 2522 est,
1241 2440 1327 2523 quod
1342 2439 1457 2524 vulgus

190 2545 230 2607 ad
258 2544 414 2609 musicam
442 2545 503 2629 vel,
534 2551 571 2610 ut
598 2547 705 2611 verius
733 2547 856 2631 loquar,
886 2548 926 2612 ad
953 2547 1157 2612 harmoniam
1178 2569 1296 2612 novam
1318 2570 1383 2612 non
1410 2548 1457 2611 ita

191 2656 305 2735 sponte
331 2655 536 2737 convertitur,
566 2655 649 2719 sicut
672 2655 821 2720 solebant
844 2655 1030 2740 antiquitus.
1076 2656 1196 2720 Verum
1220 2657 1258 2720 de
1285 2655 1336 2719 his
1358 2655 1457 2720 ratio-

188 2760 283 2825 nibus
306 2760 496 2827 insecundo
519 2761 603 2828 libro
621 2762 860 2828 evidentissime
881 2763 1032 2828 dicemus.
1078 2765 1167 2829 Haec
1184 2769 1292 2828 autem
1308 2764 1455 2845 diximuS,

188 2872 224 2931 ut
247 2869 403 2952 quosdam
425 2874 573 2935 cantores
602 2871 642 2936 ab
666 2871 872 2954 opinionibus
897 2873 1038 2936 erroneis
1067 2871 1325 2936 abstraheremus
1347 2876 1389 2937 ‚et
1416 2873 1456 2936 ad

188 2998 298 3041 reram
320 2978 458 3042 musices
482 2978 682 3062 agnitionem
704 2980 938 3043 reduceremus.
1265 2979 1267 2982 ’

274 3084 367 3150 Aliae
391 3087 522 3170 regulae
546 3087 625 3150 satis
653 3087 783 3150 veritati
807 3091 996 3169 consonant,
1026 3109 1137 3152 verum
1164 3087 1198 3151 in
1220 3086 1282 3152 hoc
1309 3088 1384 3151 sunt
1405 3109 1456 3151 re-

188 3194 383 3276 probandae,
410 3195 485 3278 quia
508 3194 696 3278 superfluae.
744 3195 828 3258 Nam
851 3195 1115 3278 ultra-diapason
1138 3217 1266 3279 semper
1289 3199 1338 3259 est
1360 3196 1457 3260 reite-

188 3301 272 3366 ratio
299 3301 431 3385 primae.
478 3301 521 3365 Et
548 3302 576 3365 si
599 3301 731 3385 dicatur,
764 3303 849 3386 quod
879 3307 1012 3386 propter
1041 3302 1186 3387 quintam
1217 3303 1269 3367 vel
1283 3301 1286 3308 ’
1299 3302 1455 3387 quartam,

190 3407 346 3474 disemus:
377 3413 550 3493 propterea
573 3410 718 3474 dedimus
741 3411 872 3475 modum
895 3411 1108 3494 componendi
1131 3411 1276 3495 quintam
1301 3434 1319 3474 a
1342 3416 1456 3495 quarta

189 3520 221 3580 et
245 3539 261 3580 c
286 3521 397 3581 contre
421 3521 454 3581 et
475 3517 600 3601 reliqua
623 3517 772 3603 diligenti
794 3518 978 3603 indagatori
992 3518 1212 3603 relinquimus
1251 3518 1310 3582 His
1335 3520 1455 3583 etenim

187 3625 298 3706 paucis
320 3625 442 3710 regulis
469 3629 539 3689 tota
568 3647 619 3688 ars
648 3627 871 3709 contrapuncti
901 3626 953 3690 vel
976 3626 1090 3712 organi
1117 3625 1238 3710 poterit
1266 3627 1454 3712 constringi.

189 3729 305 3795 Cetera
320 3754 405 3815 vere,
431 3755 512 3817 quae
534 3733 619 3797 circa
642 3733 917 3818 organizationem
938 3735 1082 3798 accidere
1105 3732 1246 3817 possent,
1271 3735 1306 3797 in
1321 3733 1454 3798 arbitrio

189 3837 372 3898 canentium
398 3837 618 3921 relinquimus,
652 3837 727 3900 dum
754 3840 864 3901 tamen
896 3843 1008 3902 contra
1035 3838 1165 3924 regulas
1195 3837 1317 3921 aliquid
1347 3837 1454 3901 facere

188 3947 333 4036 caveant,
359 3943 519 4027 quoniam,
545 3945 607 4008 etsi
629 3945 762 4008 minime
778 3945 965 4029 probantur,
991 3946 1160 4010 averitate
1177 3949 1287 4008 tamen
1309 3965 1374 4008 non
1391 3944 1454 4007 dis-

189 4050 342 4113 cedunt*.
389 4051 504 4117 Servat
526 4075 653 4137 quoque
676 4053 807 4117 modum
829 4053 864 4116 in
891 4054 955 4117 arsi
979 4057 1011 4117 et
1040 4052 1133 4134 thesi,
1162 4051 1224 4117 hoc
1252 4056 1309 4129 est,
1342 4053 1382 4116 ab
1405 4053 1454 4115 in-

187 4155 298 4220 feriori
321 4178 399 4222 voce
423 4160 462 4222 ad
485 4159 634 4224 altiorem
661 4161 711 4224 sui
737 4160 839 4244 ipsius
870 4161 912 4224 sit
938 4161 1052 4224 modus
1076 4160 1239 4225 ordinatus
1269 4164 1306 4223 ut
1331 4164 1452 4243 tropus.

182 4263 229 4328 Et
251 4269 425 4346 pneumata
454 4273 561 4331 servet
589 4273 621 4332 et
650 4268 857 4351 pausationes
887 4269 922 4332 in
952 4269 1064 4333 dandis
1091 4267 1243 4351 perfectis
1274 4265 1451 4349 speciebus,

272 4525 287 4559 *
306 4523 361 4578 Hic
379 4541 410 4579 se
429 4530 547 4581 excusat
564 4530 665 4582 auctor
686 4545 745 4582 non
762 4530 900 4597 probasse
917 4528 1081 4598 propositas
1102 4526 1321 4582 concordantias
1342 4530 1454 4581 contra-

185 4611 295 4679 puncti.
