3742 5528
518 1154 803 1257 Tractatus
824 1158 1118 1262 secundus.

205 1485 207 1492 Ι
237 1373 284 1463 In
311 1417 384 1485 quo
413 1394 630 1480 ostenditur,
645 1489 646 1494 Ἰ
660 1395 822 1492 qualiter
845 1405 881 1468 et
912 1400 1099 1492 quomodo
1127 1424 1201 1471 vox
1227 1401 1268 1472 in
1296 1402 1409 1496 plano

585 1593 587 1600 ·
658 1569 792 1642 debeat
818 1571 980 1665 figurari.
1024 1595 1025 1598 ¹

581 1797 826 1881 capitulum·
852 1798 1052 1880 primum.

186 1975 339 2110 ETIAM
353 1998 437 2041 nunc
453 1998 548 2042 voces
564 1980 703 2045 musicas
720 1979 964 2071 distinguamus.
1005 1981 1076 2046 Vox
1092 1987 1141 2046 est
1156 1984 1239 2046 aeris
1255 1985 1455 2068 repercussio

244 2084 437 2148 indissoluta
459 2106 561 2169 usquc
586 2088 627 2151 ad
650 2088 794 2152 auditum
816 2088 1036 2171 perveniens1.
1082 2089 1231 2154 Humana
1254 2113 1316 2155 vox
1339 2091 1458 2175 duplex

188 2196 252 2256 est:
285 2193 442 2276 quaedam
466 2193 627 2276 continua,
657 2195 815 2278 quaedam
837 2217 914 2261 vero
938 2196 1117 2262 discreta't-
1152 2197 1332 2264 Continuae
1360 2221 1455 2264 voces

121 2298 123 2301 ’
186 2306 270 2382 sunt,
295 2301 422 2384 quando
446 2303 608 2365 communi
630 2301 697 2366 fine
720 2302 905 2389 iunguntur,
929 2308 974 2387 ut,
1003 2305 1031 2369 si
1055 2306 1125 2389 quis
1148 2327 1282 2370 nervum
1297 2307 1457 2390 percutiat

190 2413 223 2472 et
244 2408 454 2492 percutiendo
477 2413 637 2493 torqueat,
666 2410 801 2489 eveniet,
830 2415 867 2476 ut
893 2412 928 2474 in
953 2411 1112 2496 principio
1144 2415 1274 2498 gravius
1303 2420 1396 2480 sonet
1424 2421 1457 2479 et

186 2515 339 2581 continuo
361 2518 466 2602 magis
490 2522 636 2597 acuatum
662 2519 762 2583 etita
785 2504 929 2583 continui
951 2519 1033 2584 fient
1052 2521 1140 2586 vocis
1162 2522 1270 2608 gravis
1295 2528 1327 2587 et
1343 2529 1455 2588 acutae

186 2624 319 2705 sonitus,
353 2624 436 2689 sicut
474 2625 571 2689 etiam
604 2628 639 2691 in
672 2628 796 2712 gemitu
830 2627 946 2692 accidit
978 2627 1186 2694 infirmorum.
1233 2631 1324 2696 Idem
1359 2633 1456 2697 etiam

186 2728 378 2811 quibusdam
408 2727 592 2814 legentibus
626 2731 795 2816 contingit,
829 2732 884 2816 qui
916 2753 1028 2796 vocem
1061 2733 1200 2820 legendo
1231 2735 1455 2800 continuantes

188 2836 306 2899 sensim
331 2838 508 2901 ascendunt
524 2838 771 2903 descenduntve.
816 2839 867 2903 De
890 2838 1010 2904 talibus
1026 2845 1144 2920 autem,
1168 2847 1204 2907 ut
1219 2843 1326 2908 verbis
1349 2845 1456 2908 Boetii

186 2944 309 3027 loquar,
348 2944 498 3009 nolumus
535 2968 594 3010 nos
632 2949 780 3029 tractare,
820 2947 972 3030 quoniam
1010 2949 1051 3013 ab
1088 2947 1276 3014 harmoniae
1320 2950 1456 3015 scientia

186 3057 384 3135 separantur.
430 3053 598 3118 Discretae
621 3076 699 3119 vero
721 3055 987 3138 voces-proprios
1010 3055 1133 3121 habent
1154 3056 1253 3121 locos,
1299 3058 1404 3142 Igitur
1424 3062 1456 3122 et

188 3161 259 3224 soni
281 3160 569 3226 instrumentorum
593 3162 723 3226 discreti
747 3167 779 3227 et
801 3185 896 3228 voces
918 3163 1125 3227 harmonicae
1149 3163 1362 3232 subiiciuntur
1384 3165 1454 3229 arti.

272 3269 346 3333 Alio
378 3270 476 3333 etiam
506 3271 602 3335 modo
632 3270 803 3356 distinguit
829 3271 990 3336 Boetius
1020 3272 1054 3334 in
1080 3270 1165 3337 libro
1194 3273 1317 3357 primo³
1344 3295 1456 3338 vocem

186 3375 360 3441 humanam
386 3377 421 3441 in
444 3379 629 3442 continuam
653 3384 685 3443 et
711 3379 892 3443 discretam.
937 3378 1026 3470 Dicit
1050 3378 1136 3443 enirn
1166 3381 1351 3445 continuam
1375 3403 1455 3464 esse,

192 3506 273 3568 »qua
294 3485 465 3570 loquentes
480 3485 534 3550 vel
555 3508 684 3570 prosam
708 3487 887 3552 orationem
915 3484 1062 3572 legentes
1085 3486 1184 3551 verba
1211 3489 1453 3571 percurrimus‘t

188 3591 335 3658 Festinat
370 3595 455 3658 enim
488 3599 565 3658 tuuc
598 3616 660 3659 vox
686 3617 752 3659 non
779 3595 948 3659 inhaerere
978 3593 1012 3658 in
1042 3594 1144 3658 acutis
1167 3600 1223 3660 aut
1244 3596 1280 3659 in
1301 3597 1455 3682 gravibus

186 3699 283 3782 sonis,
308 3702 365 3766 sed
388 3724 484 3786 quam
506 3701 709 3766 velocissime
731 3705 830 3768 verba
860 3723 1057 3786 percurrere,
1087 3703 1356 3788 expediendisque
1380 3726 1455 3768 sen-

190 3809 279 3872 sibus
297 3810 576 3894 exprimendisque
592 3812 793 3875 sermonibus
809 3811 1000 3874 continuae5
1015 3811 1103 3874 vocis
1118 3810 1258 3894 impetus
1274 3816 1452 3895 operatur«

187 3916 370 3982 Discretam
385 3939 462 3982 vero
477 3915 567 3982 illam
584 3919 670 4001 dicit,
699 3939 813 4002 »quam
829 3917 973 3982 canendo
990 3917 1224 4000 suspendimus,
1247 3919 1283 3983 in
1306 3942 1367 4003 qua
1389 3941 1454 3984 non

187 4026 389 4090 sermonibus
412 4026 468 4090 sed
490 4025 630 4091 modulis
652 4025 759 4109 potius
782 4025 983 4107 inservimus,
1017 4029 1129 4108 estque
1157 4047 1219 4090 vox
1240 4027 1312 4110 ipsa
1334 4027 1456 4091 tardior

274 4267 366 4336 1Vgl.
386 4268 540 4334 Boetius,
560 4268 630 4322 Inst.
649 4266 721 4321 Mus.
740 4266 790 4333 1‚3
809 4267 862 4332 (ed.
882 4266 1035 4333 Friedlein‚
1054 4285 1081 4336 p.
1095 4266 1153 4334 189,
1165 4272 1213 4332 22).

272 4353 367 4423 tvgl.
386 4355 542 4420 Boetius,
560 4357 628 4408 Inst.
648 4353 720 4408 Mus.
740 4354 760 4420 Ι,
774 4354 807 4406 12
820 4371 846 4408 u.
861 4353 894 4407 13
913 4354 966 4419 [ed.
985 4352 1139 4420 Friedlein‚
1158 4371 1184 4422 p.
1198 4353 1265 4420 199).

270 4441 283 4480 ³
302 4457 364 4509 cap.
377 4441 410 4493 12
429 4440 481 4505 [ed.
501 4438 654 4508 Friedlein‚
673 4459 700 4510 p.
715 4439 781 4506 199).

270 4530 283 4566 ⁴
299 4526 485 4597 percutimus.

270 4616 282 4651 ⁵
301 4612 445 4667 continuo.
