3742 5528
694 301 909 364 „21-

166 476 196 540 is
211 496 259 540 aas
273 495 320 557 ec,
344 474 550 558 postmodum
572 495 651 539 voce
680 473 811 538 dimissa
834 495 906 539 cum
934 474 1106 540 intervallo
1130 475 1228 540 dicat:
1257 497 1295 540 eo
1305 497 1366 560 per
1382 481 1436 540 tur

167 585 192 648 a·
208 585 291 668 psal.
337 581 463 647 Deinde
487 604 505 646 a
527 581 635 666 prima
654 582 695 646 ad
727 581 795 648 eius
818 586 965 656 octavam
991 603 1103 656 vocem
1125 583 1287 663 intendat,
1311 585 1435 650 scilicet

162 694 238 776 psal
261 697 310 755 tus
338 694 370 755 et
402 694 535 755 econtra
563 690 708 756 remittat
740 696 789 754 tas
809 692 892 775 psal.
938 691 977 754 In
1002 689 1053 754 hi·
1083 695 1115 756 et
1143 692 1177 756 in
1207 692 1279 756 aliis
1308 697 1434 757 tantum

168 798 357 864 exercitium
379 797 442 862 sibi
465 797 600 883 quisque
623 802 773 881 assumat,
807 802 961 884 quantum
985 800 1025 863 ad
1047 804 1195 884 prompte
1223 801 1434 885 expediteque

169 907 364 971 cantandum
386 905 504 970 viderit
528 927 597 970 esse
620 905 846 970 necessarium.
894 905 1022 972 sedne
1045 889 1241 991 impediatur
1268 908 1338 982 soni
1360 911 1435 992 'pro-

167 1013 328 1079 nuntiatio
351 1012 557 1078 multitudine
580 1012 762 1079 litterarum
784 1013 819 1077 in
843 1036 906 1106 una
929 1013 1062 1100 syllaba,
1091 1016 1248 1100 volumus,
1278 1019 1333 1080 ut1
1361 1037 1436 1081 can-

166 1127 273 1186 tantes
295 1125 484 1186 removeant
514 1121 649 1199 litteras,
679 1143 761 1206 quae
790 1127 968 1206 sequnntur
995 1127 1070 1207 post
1096 1122 1250 1206 vocalem,
1280 1124 1308 1187 si
1336 1145 1433 1188 nocu-

167 1234 311 1294 mentum
334 1229 486 1309 fecerint;
511 1234 545 1294 at
568 1229 666 1294 etiam
677 1252 712 1314 p,
737 1251 819 1314 qnae
836 1230 1007 1316 'praecedit
1022 1252 1047 1315 s,
1072 1252 1198 1315 semper
1219 1236 1431 1314 removeatur,

167 1337 319 1422 quoniam
341 1337 394 1402 hic
416 1359 481 1403 non
504 1336 771 1423 orthographiam
794 1339 851 1403 sed
873 1338 1029 1404 musicam
1052 1339 1234 1431 docemur„
1287 1373 1289 1376 v
1394 1341 1399 1376 r

252 1445 410 1511 Dubitare
432 1451 542 1511 tamen
565 1447 682 1531 aliquis
697 1451 808 1530 posset
826 1468 886 1511 neo
908 1446 1080 1528 immerito,
1105 1468 1169 1533 qua
1191 1447 1230 1522 de
1246 1467 1343 1510 causa
1357 1450 1433 1511 octo

167 1554 310 1619 diversas
332 1555 490 1638 ponimus,
520 1575 593 1620 curn
615 1558 742 1619 tantum
772 1559 897 1639 septem
927 1553 992 1618 sint
1021 1554 1213 1620 differentes
1238 1559 1271 1619 at
1293 1577 1312 1618 a
1338 1555 1432 1620 nobis

166 1664 212 1728 sic
234 1663 388 1727 traditum
412 1667 445 1727 et
468 1684 656 1728 concessum
682 1662 783 1728 fuisse
805 1663 998 1728 meminerit.
1044 1661 1224 1728 Dicendum
1249 1666 1306 1744 est,
1337 1663 1431 1746 quod,

165 1771 243 1836 licet
264 1769 437 1835 maximam
465 1770 536 1835 fore
560 1770 820 1836 conformitatem
849 1775 881 1835 et
908 1769 1154 1836 similitudinem
1182 1771 1269 1835 inter
1294 1771 1432 1854 primam

166 1883 199 1943 et
221 1882 368 1943 octavam
392 1883 423 1960 (A
440 1894 470 1946 81
488 1907 549 1958 pag.
567 1884 609 1961 18)
633 1880 874 1960 asseruerimus,
902 1880 936 1943 in
960 1880 1107 1944 acumine
1134 1883 1244 1944 tamen
1269 1883 1301 1943 et
1327 1880 1433 1966 gravi-

165 1990 232 2051 tate
257 2009 310 2051 eas
334 1986 463 2050 differre
485 2008 661 2070 numquam
682 1987 1119 2072 ne-(neopag.1e)gavimus.
1158 1987 1263 2072 Igitur
1287 1991 1318 2050 et
1342 1986 1433 2050 diffe-

164 2094 302 2158 rentiam
325 2093 411 2159 inter
434 2116 488 2158 eas
520 2098 553 2158 et
575 2093 819 2159 similitudinem
843 2094 1142 2158 demonstravimus.
1188 2094 1269 2158 Oum
1298 2095 1433 2158 eandem

166 2201 310 2266 litteram
326 2201 471 2266 vocalem
487 2201 646 2266 sciliceta
665 2203 841 2285 posuimus,
866 2201 1110 2267 similitudinem
1126 2206 1161 2266 et
1174 2200 1433 2294 conformitatem

165 2309 379 2390 ostendimus3
412 2310 468 2373 sed
490 2309 608 2374 litteris
632 2309 713 2392 aliis,
746 2309 808 2374 hoo
839 2314 888 2374 est
910 2331 927 2373 s
952 2310 988 2374 in
1015 2309 1174 2394 principio
1202 2314 1258 2374 ant
1286 2315 1306 2391 t,
1339 2309 1432 2373 diffe-

164 2415 304 2481 rentiam
320 2415 474 2481 acuminis
499 2420 531 2481 et
546 2417 716 2503 gravitatis
731 2417 943 2501 patefecimus
959 2418 1090 2503 cognita
1113 2438 1224 2482 eorum
1239 2417 1430 2497 differentia,

164 2524 316 2609 quoniam
342 2545 441 2610 grave
470 2528 528 2607 est,
559 2546 631 2589 cum
661 2547 699 2589 ex
728 2525 888 2609 profundo
917 2523 1260 2609 pectoris‘attrahitur
1290 2526 1430 2610 spiritus,

164 2637 294 2697 acutum
310 2653 396 2714 vero,
421 2654 492 2696 cum
518 2654 555 2694 ex
572 2633 637 2699 oris
660 2632 828 2717 superficie
854 2655 951 2699 sonus
969 2634 1135 2698 emittitur.
1175 2631 1303 2711 Quanto
1327 2634 1431 2720 magis

164 2739 248 2804 circa
271 2739 457 2823 pulmonem
479 2739 669 2822 profundior
690 2739 727 2804 fit
749 2741 980 2826 pronuntiatio,
1004 2747 1095 2807 tanto
1119 2733 1213 2807 sonat
1235 2741 1380 2835 gravius,
1400 2745 1432 2806 et

165 2852 285 2932 quanto
307 2848 571 2932 appr'opinquiori
587 2848 737 2912 dentibus
760 2848 832 2914 loco
849 2849 948 2933 venit,
972 2853 1064 2915 tanto
1086 2855 1181 2915 sonat
1203 2850 1337 2914 acutius.
1377 2849 1431 2914 Sic

165 2977 242 3042 ergo
267 2956 412 3020 tlittera
432 2957 543 3021 iuncta
570 2978 642 3021 cum
665 2978 686 3020 a
715 2978 753 3020 ex
777 2960 928 3022 contactu
954 2956 1086 3043 linguae
1115 2962 1147 3021 et
1175 2957 1323 3022 clausura
1353 2958 1432 3021 den-

163 3064 246 3128 tium
268 3063 337 3128 fieri
361 3065 592 3149 cognoscimus.
641 3063 743 3128 Sede
771 3065 880 3129 iuncta
911 3087 984 3129 cum
1005 3086 1027 3129 a
1056 3088 1095 3129 ex
1125 3064 1342 3149 applicatione
1369 3064 1431 3128 lin·

163 3193 246 3257 guae
277 3172 317 3236 ad
345 3171 490 3255 palatum
516 3171 655 3255 proferri
680 3193 746 3237 non
774 3172 967 3237 dubitamus
1018 3172 1224 3252 Manifestum
1254 3173 1354 3258 igitur
1382 3177 1431 3236 est

166 3302 204 3344 ex
233 3279 327 3344 dictis
357 3280 462 3366 magis
489 3299 587 3365 grave
615 3283 664 3345 sul
696 3302 764 3344 esse
797 3302 893 3364 quam
919 3287 982 3346 ras.
1038 3279 1161 3358 Quodsi
1194 3280 1364 3366 gravitatis
1399 3284 1431 3344 et

166 3388 322 3452 acuminis
351 3387 565 3452 differentiam
595 3387 629 3450 in
660 3387 843 3470 prolatione
870 3390 882 3452 l
910 3393 942 3452 et
967 3411 984 3452 s
1011 3388 1045 3452 in
1074 3388 1138 3454 fine
1170 3387 1314 3472 syllabae
1344 3387 1431 3472 posi·

162 3500 269 3560 tarum
303 3496 553 3580 perpendamus,
589 3495 893 3560 convenientissime
929 3520 948 3560 a
979 3495 1073 3561 nobis
1103 3495 1204 3561 talem
1232 3495 1429 3561 locutionem

162 3603 283 3668 factam
306 3604 477 3669 constabit.
516 3602 655 3686 Liquida
678 3602 764 3668 enim
786 3603 897 3669 littera
918 3607 931 3668 t
951 3589 1143 3669 naturaliter
1159 3590 1293 3690 gravem
1315 3625 1430 3668 sonum

164 3693 293 3793 emittit,
318 3712 493 3795 spissitudo
509 3715 617 3775 autem
632 3711 761 3776 litterae
776 3733 793 3775 s
809 3712 901 3795 quasi
916 3712 1050 3777 sibilans
1073 3713 1107 3776 in
1123 3733 1258 3776 acumen
1274 3711 1427 3776 ascendit.

165 3816 269 3883 Sibilo
294 3819 379 3883 enim
401 3819 490 3883 nulla
513 3840 576 3883 vox
598 3821 723 3884 acutior
747 3822 821 3884 esta
1369 3809 1370 3814 ἵ
1399 3827 1400 3832 ’

1055 3991 1420 4005 -ο-ι--υ--ι-ι--μμ

251 4097 258 4130 ¹
278 4094 351 4147 A-so
368 4098 401 4148 ut
419 4095 558 4150 volumus.

248 4179 260 4216 ²
278 4181 303 4233 A
315 4178 349 4233 81
368 4183 413 4234 est
431 4180 548 4235 acutior.
