3734 5572
949 338 1187 404 -112.-.

432 518 581 595 recipiunt
596 520 626 577 et
644 517 871 579 intervallorum
887 516 1091 594 dimensiones
1115 519 1151 577 ut
1165 515 1244 592 apud
1259 515 1410 594 Boetium‚
1426 515 1589 592 Architam‚
1605 513 1716 590 Didy-
1824 578 1825 605 ζ

367 683 368 686 ,
433 643 524 700 mum,
547 621 759 683 Aristoxenum
781 623 812 681 ct
833 621 1037 681 Ptolemaeum
1060 623 1184 698 constat,
1209 639 1338 696 quorum
1357 619 1549 681 deductiones
1570 617 1713 678 secundo
1824 622 1825 629 ’

432 729 468 788 de
494 727 647 790 harmonia
673 726 832 804 diligenter
857 726 1068 802 impressimus.
1121 727 1235 788 Rursus
1263 744 1331 786 oum
1356 745 1373 786 a
1401 723 1454 786 dor
1481 724 1518 786 ad
1534 723 1633 800 poan
1654 725 1710 782 in-
1824 750 1825 783 l

431 838 550 892 tensum
571 830 808 890 trihemitonium
829 833 926 906 putes,
950 829 1030 890 idem
1051 829 1260 890 inconveniens
1281 847 1342 892 nou
1363 829 1495 894 evitatis.

518 935 753 994 Enharmonicus
775 937 875 994 autem
889 933 979 992 huius
994 933 1105 994 tenoris
1120 951 1275 1010 processus
1290 953 1307 992 a
1321 936 1351 995 te
1366 933 1423 994 hoc
1438 932 1540 992 ordine
1555 933 1707 994 sumitur:

431 1059 499 1098 nem
522 1059 539 1096 a
561 1043 594 1096 tu
615 1037 651 1096 ad
674 1037 706 1118 ln
727 1037 762 1097 fit
783 1037 973 1099 semitonium
994 1037 1245 1115 incompositum„
1259 1037 1329 1113 quia
1349 1037 1374 1096 si
1389 1056 1480 1113 supra
1493 1035 1524 1096 F
1534 1041 1709 1098 moraretur

432 1143 525 1203 altera
547 1141 669 1218 syllaba,
694 1145 771 1202 essct
792 1161 810 1200 a
831 1146 864 1200 lu
882 1141 920 1200 ad
934 1140 966 1200 lu
980 1140 1170 1204 semitonium
1186 1140 1385 1217 compositum
1399 1140 1514 1201 scilicet
1528 1160 1582 1217 per
1596 1141 1707 1200 diesim

433 1247 463 1304 et
485 1245 589 1306 diesim
610 1244 845 1321 pronuntiatum.
876 1245 1032 1320 ‘Idemque
1054 1265 1072 1306 a
1094 1245 1126 1304 lu
1148 1245 1185 1306 ad
1206 1263 1274 1304 man
1296 1245 1353 1320 crit
1375 1226 1565 1306 semitonium
1586 1245 1706 1304 incom-

432 1349 565 1426 positum
587 1349 638 1408 sed
660 1349 828 1409 demissum.
864 1349 907 1409 At
921 1353 1024 1428 contra
1037 1348 1094 1408 hoc
1109 1349 1235 1408 dicimus
1251 1348 1331 1425 quod
1346 1348 1421 1407 duae
1444 1349 1573 1425 syllabae
1588 1349 1705 1408 duasve

432 1455 552 1514 notulae
568 1453 772 1514 'diversisonae
794 1471 857 1512 sese
872 1470 932 1512 nou
947 1453 1171 1529 compatiuntur
1185 1453 1217 1512 in
1231 1452 1348 1528 Ffo-ut
1360 1472 1456 1528 neque
1471 1453 1503 1511 in
1519 1451 1703 1529 asciseat,

433 1576 502 1616 eum
524 1557 563 1618 sit
584 1557 627 1616 ibi
649 1557 730 1617 solus
752 1558 836 1617 locus
857 1557 921 1616 sola
944 1556 1053 1616 chorda
1074 1555 1180 1618 s'onum
1201 1557 1325 1616 unicum
1346 1556 1515 1633 procedens.
1554 1557 1624 1619 Inde
1644 1557 1705 1615 im-

432 1663 547 1722 mutata
568 1661 697 1720 secunda
712 1660 884 1739 mediarum
906 1659 1017 1719 chorda
1037 1660 1154 1721 acutior
1174 1661 1205 1718 in
1228 1661 1334 1736 quovis
1359 1660 1549 1722 tetrachordo
1577 1661 1705 1720 dirersis

433 1765 592 1842 generibus
614 1783 673 1824 non
696 1763 862 1825 ascribitur.
907 1761 1021 1823 Verum
1042 1783 1060 1822 a
1082 1769 1114 1823 lu
1136 1764 1173 1822 ad
1194 1762 1276 1840 senc
1297 1765 1404 1841 procul
1431 1764 1522 1826 dubio
1550 1764 1704 1842 integrum

433 1868 614 1931 diatesseron
642 1867 786 1926 diastema
812 1870 1002 1927 mensuratur
1026 1867 1102 1927 nihil
1130 1867 1265 1945 profecto
1293 1868 1516 1934 enharmonicas
1547 1868 1704 1930 densitatis
1824 1876 1825 1883 ’

434 1970 598 2032 ostendens.
646 1971 761 2032 Rursus
789 1990 807 2030 a
832 1970 914 2046 splen
935 1970 973 2030 ad
994 1971 1048 2030 dor
1070 1973 1127 2030 erit
1155 1972 1251 2032 ditoni
1276 1971 1391 2032 remissi
1419 1972 1548 2048 spatium
1571 1974 1662 2048 atque
1686 1993 1704 2030 a
1819 1957 1824 2005 ἰ

434 2074 488 2134 dor
510 2075 547 2134 ad
563 2074 662 2150 pono
689 2076 905 2151 praesupponis
931 2071 1162 2152 incompositum
1189 2076 1325 2135 ditonum
1352 2077 1510 2139 intensum.
1556 2076 1704 2140 Adiacent

432 2179 534 2254 itaque
557 2179 773 2238 chromaticum
796 2181 826 2238 et
848 2179 1089 2240 enharmonicum
1110 2179 1293 2256 praescripto
1308 2181 1405 2240 tenori
1426 2181 1458 2242 in
1472 2181 1536 2244 solo
1552 2180 1701 2242 diatonico

434 2281 623 2343 tetrachordo
638 2283 752 2341 nullam
766 2282 905 2358 propriae
920 2282 1074 2342 densitatis
1088 2283 1214 2344 formam
1229 2284 1467 2356 demonstrantia.
1497 2284 1569 2344 Iuda
1585 2285 1703 2362 enigma

434 2387 464 2444 et
486 2405 627 2446 canonem
648 2386 747 2462 ipsum
773 2383 1020 2446 Bartholomaeus
1048 2391 1225 2462 praeceptor
1250 2391 1331 2464 tuus,
1359 2407 1450 2464 quem
1477 2388 1611 2468 imitaris,
1640 2407 1701 2448 non

434 2507 501 2551 sane
534 2488 682 2572 disposuit
711 2508 808 2564 neque
839 2489 973 2565 ipsorum
1007 2509 1149 2568 generum
1181 2493 1345 2567 spissorum
1379 2492 1533 2556 formalem
1563 2494 1701 2552 naturam

432 2593 607 2653 intellexit¹.
1221 2609 1222 2612 ’

522 2797 532 2834 ¹
550 2793 671 2864 Spataro
689 2795 788 2849 macht
803 2795 834 2850 in
851 2795 902 2851 dor
918 2797 1126 2866 angcgabcnen
1144 2796 1253 2852 Schrift
1271 2797 1296 2852 S.
1310 2799 1365 2852 45¹2
1383 2797 1486 2854 darauf
1500 2797 1700 2864 aufmerksam

435 2879 491 2934 dass
504 2879 600 2936 Remis
613 2880 645 2934 in
658 2880 724 2936 dam
736 2881 838 2937 Kanon
852 2882 898 2937 dic
912 2883 973 2938 drci
986 2883 1248 2954 Tongeschlechtcr
1264 2884 1313 2938 aul
1332 2884 1379 2939 die
1396 2883 1520 2940 Praxis
1539 2883 1700 2950 anwendet,

435 2966 572 3022 whhrcnd
591 2965 724 3023 Galerius
743 2963 921 3024 theoretis'ch
939 2969 1012 3024 iiber
1029 2969 1071 3028 sie
1089 2970 1210 3026 handelt
1230 2972 1333 3040 (pmcne
1351 2971 1402 3025 tuli
1417 2971 1462 3026 eoi
1474 2970 1571 3040 carceri
1584 2987 1635 3043 son
1650 2970 1701 3039 qiu

435 3053 495 3107 octe
510 3053 557 3107 dal
573 3053 668 3107 ordine
682 3055 804 3123 practico
821 3061 845 3110 et
862 3056 962 3110 usitato
980 3061 1003 3110 et
1021 3061 1050 3110 tu
1067 3057 1191 3126 arquisse
1209 3057 1338 3124 theorice).
