3742 5528
935 317 1148 382 ..12-

408 496 606 562 tetrachordi
635 499 749 580 quarta
778 515 841 558 vox
869 495 926 557 est.
972 492 1086 574 Itaque
1121 512 1194 555 cum
1227 491 1270 555 sit
1290 490 1380 574 ffu,
1409 495 1448 555 at
1477 489 1540 555 sibi
1567 489 1677 554 iuncta

410 604 477 669 tale
499 625 619 669 nomen
642 603 792 685 accipiet;
823 605 856 666 et
884 597 1029 683 sequitur
1056 620 1128 664 cum
1152 621 1174 683 9
1195 601 1289 664 sotrc
1317 602 1444 663 etcum
1471 619 1492 662 a
1513 598 1609 662 1119111
1635 600 1675 675 et,

412 734 453 776 ne
481 734 516 776 se
545 712 712 798 ignorasse
742 709 988 774 similitudinem
1015 712 1229 773 extremarum
1258 706 1413 790 diapason
1443 704 1676 770 includantium

409 819 580 898 videretur,
605 840 732 884 rursum
753 816 993 882 hexacho‘rdum
1016 816 1174 882 collocare
1196 815 1320 900 incipit.
1365 813 1503 880 Etcum
1527 836 1565 878 ex
1584 835 1677 897 prae-

409 927 515 993 teritis
541 925 755 992 tetrachordis
786 925 910 990 duobus
940 925 1080 989 secundo
1107 924 1259 989 videlicet
1288 928 1320 988 et
1346 921 1444 989 tertio
1473 923 1552 987 duas
1581 943 1676 986 voces

409 1035 585 1102 habeamus
614 1034 662 1099 ibi
691 1033 826 1110 locatas,
861 1032 986 1098 scilicet
1012 1054 1085 1097 cum
1115 1031 1227 1097 littera
1250 1053 1271 1115 9
1300 1033 1394 1095 sot-re
1415 1036 1455 1097 ccl
1481 1030 1545 1096 sibi
1568 1029 1677 1095 addita

409 1142 468 1208 tali
502 1143 632 1208 nomine
659 1149 864 1225 nuncupatur
890 1140 1014 1206 scilicet
1037 1162 1059 1224 9
1084 1142 1233 1205 sobre-ut
1260 1142 1293 1204 et
1319 1138 1525 1204 continuatur
1558 1159 1629 1202 cum
1657 1158 1678 1201 u

411 1245 566 1333 lami-rc,
601 1248 658 1315 ubi
690 1250 880 1314 secundum¹
918 1252 1125 1314 consumatur
1153 1246 1393 1312 hexachordum
1422 1248 1549 1332 duoque
1581 1244 1678 1310 simul
1704 1303 1706 1310 ,

412 1358 608 1423 coniunctim
630 1357 831 1442 copulantur,
854 1356 979 1422 scilicet
992 1356 1038 1440 su,
1061 1357 1121 1420 mi:
1147 1342 1338 1440 cumprime
1356 1354 1481 1420 scilicet
1502 1355 1582 1438 tfu,
1606 1375 1678 1418 cum

410 1467 582 1562 secundoq
607 1467 798 1551 quadratum
813 1466 869 1548 mc',
895 1487 1029 1549 quarum
1047 1464 1176 1549 quidem
1195 1485 1321 1547 vocum,
1344 1464 1428 1529 sicut
1441 1462 1570 1528 litterae
1586 1483 1678 1527 mon-

409 1578 530 1639 stratae
553 1579 628 1639 sunt
649 1572 837 1658 inaequales
861 1595 940 1652 erre,
969 1563 1066 1637 unam
1088 1571 1239 1637 altiorem
1266 1572 1330 1636 alia
1357 1571 1589 1658 cognoscimus.
1635 1569 1678 1633 111

410 1683 456 1746 sic
472 1686 567 1747 tonus
590 1681 647 1745 ille
668 1681 704 1744 in
728 1681 791 1746 duo
807 1679 979 1745 semitonia
1002 1679 1162 1758 dividitur,
1188 1684 1221 1744 et
1235 1679 1381 1763 sequitur
1395 1701 1469 1744 cum
1488 1677 1677 1761 caol-faut,

413 1789 496 1874 quia,
521 1790 605 1864 sicut
627 1789 802 1853 secundum
821 1787 1063 1853 hexachordum
1086 1789 1127 1852 ad
1141 1788 1281 1871 primum
1302 1788 1337 1851 in
1361 1809 1399 1852 eo
1421 1787 1493 1853 loco
1509 1786 1679 1871 coniungi-

411 1901 473 1978 tur,
499 1901 531 1961 et
557 1901 662 1961 totum
682 1895 896 1979 compositum
911 1895 957 1960 sic
984 1895 1172 1980 appellatur,
1198 1895 1321 1961 scilicet
1348 1917 1365 1960 c
1389 1895 1547 1979 sol-smol.
1595 1893 1681 1958 Ocn-

412 2004 620 2090 tinuaturque
644 2005 921 2069 cumdlasol-re
944 2005 1044 2068 etsie
1068 2004 1218 2088 deinceps
1247 2005 1386 2087 cami,
1415 2004 1437 2088 s
1453 2003 1550 2087 saut,
1577 2003 1679 2085 9101-

411 2117 511 2195 raut,
540 2133 562 2176 a
582 2114 738 2195 1111111119,
768 2112 849 2196 psa,
873 2125 890 2205 q
910 2112 1065 2196 quadrum
1087 2113 1137 2176 mc'
1158 2111 1241 2176 sicut
1263 2113 1351 2196 prius
1376 2115 1408 2176 et
1427 2114 1560 2195 possent
1582 2109 1681 2174 hexa-

411 2220 532 2286 chorda
553 2221 588 2283 in
610 2219 771 2284 infinitum
786 2219 996 2304 multiplicari
1017 2219 1108 2284 iuxta
1123 2219 1331 2285 instrumenti
1346 2218 1582 2284 sufficientiam.
1615 2216 1679 2284 Sed

411 2349 485 2392 cum
507 2328 542 2390 in
564 2328 651 2392 omni
674 2327 811 2393 scientia
829 2328 1020 2412 quandoque
1044 2329 1085 2392 ad
1099 2327 1195 2393 finem
1218 2327 1470 2412 perveniendum
1494 2326 1545 2410 sit,
1568 2325 1680 2391 iterari

412 2434 617 2500 hexachorda
631 2435 697 2499 iam
714 2435 865 2499 desinunt
881 2439 913 2500 et
927 2439 1101 2519 propterea
1115 2437 1150 2500 in
1165 2458 1182 2501 c
1195 2436 1293 2520 sol-fu
1313 2456 1379 2500 non
1394 2434 1526 2519 ponitur
1541 2433 1678 2517 amplius

410 2548 456 2606 ut.
504 2542 568 2607 Sed
590 2543 796 2626 procedimus
825 2543 866 2607 ad
895 2544 918 2607 d
944 2544 1043 2622 lca-sol,
1073 2543 1130 2608 ubi
1157 2549 1284 2608 sextum
1313 2542 1554 2608 hexachordum
1580 2541 1678 2607 relin-

350 2675 353 2681 ·
416 2650 552 2735 quimus.
599 2649 780 2734 Septimum
807 2672 883 2715 vero
910 2649 945 2714 in
971 2673 986 2715 c
1008 2650 1133 2735 syllaba
1160 2653 1192 2715 lu
1213 2651 1386 2735 perficitur.
1432 2652 1545 2735 Itaque
1574 2649 1682 2733 posuit

414 2762 539 2841 reptem
560 2756 765 2823 hexachorda
786 2762 920 2842 propter
942 2763 1066 2843 septem
1090 2780 1184 2824 voces
1209 2759 1403 2839 differentes,
1431 2764 1467 2824 ut
1490 2759 1552 2824 ribi
1574 2757 1677 2822 visum

413 2865 485 2948 fuit,
517 2866 603 2949 quod
631 2866 776 2931 subiecta
806 2866 981 2951 patefaciet
1010 2865 1121 2952 figura.
1168 2867 1308 2932 Videsne
1337 2872 1461 2933 rectam
1491 2865 1678 2933 (luidonis

413 2972 574 3059 figuram?
599 2975 674 3058 Ipse
697 2993 773 3039 vero
795 2996 862 3039 non
884 2974 939 3057 sic,
965 2975 1022 3039 red
1045 2997 1103 3058 per
1124 2975 1289 3040 iuncturas
1311 2976 1403 3060 ponit
1421 2975 1595 3060 digitorum
1618 2973 1680 3040 hoc

411 3082 526 3146 modo:
552 3085 623 3164 (pag.
642 3099 672 3150 11
697 3097 781 3160 figura
797 3099 823 3158 3,
850 3111 911 3162 pag.
930 3085 982 3168 12).

817 3383 1062 3466 capitulum
1089 3387 1298 3468 quintum.

486 3534 732 3615 Quorundam
759 3537 892 3608 erroris
925 3537 1022 3609 eirca
1050 3539 1279 3632 praedictam
1308 3538 1408 3610 clara
1435 3537 1607 3610 ostensio.

413 3700 562 3836 LIOET
576 3724 642 3767 non
658 3702 882 3787 omnia,.quae
899 3702 983 3768 circa
998 3702 1078 3768 haec
1102 3705 1143 3769 ab
1166 3706 1238 3789 ipso
1261 3708 1433 3788 ponuntur,
1458 3704 1522 3768 rint
1546 3727 1564 3768 a
1585 3703 1681 3768 nobis

459 3808 638 3893 propalata,
665 3831 731 3875 non
760 3814 869 3876 tamen
896 3815 1069 3894 propterea
1098 3812 1254 3878 lectorem
1276 3813 1506 3877 arbitraturum
1533 3833 1614 3888 reor,
1646 3811 1681 3875 id

412 3938 471 3981 nos
494 3921 616 3982 temere
640 3917 770 3998 fecisse;
796 3923 828 3984 et
843 3918 999 4002 profecto,
1024 3920 1051 3984 si
1073 3920 1158 3986 votis
1174 3922 1406 4005 conatibusque
1428 3920 1548 3985 nostris
1564 3919 1681 3984 faverit

414 4026 502 4108 deus,
533 4025 599 4091 suis
621 4026 657 4090 in
677 4026 758 4091 locis
782 4049 901 4107 eorum,
933 4049 1014 4112 quae
1043 4029 1177 4113 abipso
1202 4034 1234 4094 et
1257 4030 1297 4094 ab
1326 4028 1397 4093 aliis
1419 4028 1603 4093 inordinata
1629 4025 1680 4091 in-

414 4133 623 4218 digestaque²
651 4139 822 4216 ponuntur,
857 4158 898 4200 ne
922 4157 1022 4200 unum
1050 4135 1179 4219 quidem
1204 4137 1274 4201 iota
1300 4138 1340 4200 ad
1367 4158 1436 4200 rem
1461 4135 1680 4201 necessarium

411 4239 611 4325 relinquetur
631 4240 798 4306 intactum.
845 4243 911 4308 Sed
934 4249 967 4308 et
990 4243 1055 4308 alia
1078 4244 1215 4329 quidem,
1242 4266 1323 4329 quae
1347 4245 1452 4308 minus
1474 4244 1537 4327 ipsi
1560 4264 1681 4329 cogno-

411 4351 527 4411 verunt
550 4353 582 4412 et
603 4347 638 4412 in
662 4349 777 4432 quibus
799 4349 865 4413 illis
889 4371 978 4415 error
999 4351 1111 4431 illusit,
1136 4374 1212 4417 mox
1235 4335 1479 4417 edocebimusl

501 4523 510 4557 ²
527 4520 654 4574 tertium.

499 4606 511 4642 2
527 4603 738 4675 indigesteque.
