3742 5528
932 259 1146 324 ..56‚.

405 433 455 500 llx
482 455 546 519 quo
572 433 751 502 nomadum
779 437 837 512 est,
870 432 956 517 quod
981 432 1123 500 muscus
1149 435 1257 496 motus
1286 432 1327 496 ab
1355 431 1428 516 ipso
1455 431 1551 496 modo
1576 433 1673 514 proto

406 541 531 608 scilicet
552 541 606 608 vel
628 542 761 610 deutero
784 545 841 608 aut
869 539 934 608 elic
957 539 1147 625 qualitatem
1168 538 1270 606 trahit
1293 544 1326 604 et
1352 538 1575 606 differentiam.
1620 537 1673 602 De

407 649 460 716 his
484 671 561 736 ergo
584 648 773 736 singulatim
796 648 967 714 dicendum
990 652 1047 714 est
1072 649 1144 728 (pag.
1157 649 1199 730 43)

799 971 1044 1054 capitulum
1070 970 1259 1042 tertium

404 1156 451 1234 In
479 1183 554 1254 quo
581 1158 745 1233 musicae
773 1160 994 1248 mundanae,
1023 1159 1210 1232 humanae
1234 1183 1277 1230 ac
1295 1155 1586 1232 instrumentalis
1603 1180 1673 1250 per

727 1324 836 1387 tonos
864 1311 1103 1387 conformitas
1130 1314 1348 1387 ostenditur.

404 1488 516 1625 ISTA
532 1489 653 1556 etenim
672 1491 796 1558 musica
818 1490 1074 1560 instrumentalis
1096 1491 1270 1556 maximam
1286 1489 1392 1582 'habet
1413 1487 1671 1554 conformitatem

456 1602 489 1666 et
511 1597 757 1664 similitudinem
780 1619 852 1662 cum
879 1597 1021 1662 humana
1042 1597 1277 1682 mundanaque.
1325 1596 1406 1662 Cum
1432 1596 1573 1660 humana
1602 1596 1672 1680 qui-

405 1706 478 1772 dem
512 1705 574 1772 hoc
607 1706 718 1771 modo:
756 1727 833 1770 nam
868 1710 1005 1790 quatuor
1042 1705 1092 1770 illi
1129 1706 1218 1771 modi
1259 1710 1396 1790 quatuor
1433 1703 1671 1787 complexiones

403 1812 545 1882 hominis
572 1817 713 1878 movent.
759 1811 853 1880 Unde
881 1818 994 1898 protus
1019 1813 1165 1900 flegmati
1193 1815 1386 1892 dominatur,
1415 1814 1565 1878 deuterus
1594 1832 1670 1876 vero

403 1920 539 2003 colerae,
570 1922 666 1987 tritus
689 1920 851 2008 sanguini,
877 1922 1039 1988 tetrardus
1063 1927 1170 1987 autem
1194 1921 1324 2008 segnior
1349 1925 1381 1986 et
1403 1921 1526 1986 tardior
1547 1920 1670 1986 melan-

403 2027 538 2094 choliae.
584 2029 701 2094 Protus
728 2029 798 2112 ipse
827 2030 941 2094 modus
970 2031 1090 2116 flegma
1117 2035 1268 2096 movete
1296 2051 1409 2094 somno
1441 2028 1609 2094 excitando
1639 2031 1671 2092 et

404 2135 450 2202 sic
474 2135 542 2202 eius
565 2136 669 2222 figura
691 2137 798 2203 colore
822 2137 988 2203 cristalino
1011 2138 1205 2224 depingitur,
1236 2139 1388 2222 quoniam
1411 2137 1536 2202 coelum
1558 2136 1670 2226 crista-

402 2243 506 2311 linum
530 2267 569 2309 ex
592 2244 683 2330 aquis
706 2244 810 2310 fertur
833 2266 904 2311 esse
926 2245 1063 2330 factum,
1094 2247 1178 2330 quod
1202 2246 1398 2310 elementum
1424 2245 1543 2331 flegma
1573 2247 1668 2308 creat.

404 2350 470 2417 Sed
486 2353 647 2438 ponimus
674 2351 874 2418 cristalinum
906 2357 939 2419 et
969 2375 1034 2418 non
1062 2353 1197 2420 aliarum
1225 2375 1381 2438 aquarum
1410 2352 1563 2435 colorem,
1597 2351 1672 2437 quia

403 2479 469 2524 non
493 2481 606 2526 omnes
635 2459 783 2526 homines
812 2461 989 2550 flegmatici
1017 2483 1133 2549 sonum
1162 2484 1294 2526 suavem
1324 2461 1523 2546 perpendere
1551 2459 1670 2524 valent.

403 2565 468 2632 Sed
491 2547 553 2632 iiri
579 2566 741 2654 ingeniosi
769 2572 802 2633 et
825 2567 908 2634 sicut
930 2569 1109 2634 cristallum
1130 2568 1303 2654 perspicui,
1334 2569 1397 2654 qui,
1427 2590 1499 2634 cum
1528 2567 1672 2651 aliquan-

403 2675 506 2742 tulum
536 2680 592 2740 aut
620 2675 693 2742 cibo
722 2675 789 2740 sive
819 2676 951 2762 crapula
979 2681 1035 2742 aut
1062 2677 1170 2762 aliquo
1194 2677 1258 2742 alio
1288 2676 1485 2742 extrinsecus
1513 2676 1672 2741 accidenti

402 2778 554 2868 flegmate
584 2787 770 2869 graventur,
800 2805 950 2869 soporem
973 2789 1029 2850 aut
1058 2785 1199 2870 aliquam
1225 2785 1392 2872 pigritiem
1419 2784 1591 2850 inducente
1620 2784 1672 2848 vel

403 2887 571 2955 tristitiam
593 2895 688 2976 proto
704 2891 800 2958 modo
823 2896 1018 2978 personante
1042 2893 1230 2958 allevantur.
1270 2894 1314 2957 At
1335 2914 1412 2958 vero
1435 2914 1511 2956 suus
1533 2891 1672 2977 plagalis

403 2996 566 3063 contrario
588 2997 684 3064 modo
708 3020 742 3065 se
765 2998 874 3068 habet.
917 3000 1001 3064 Nam
1023 3000 1146 3085 primus
1168 3005 1274 3084 tonus,
1298 3005 1335 3065 ut
1357 3000 1435 3066 dicit
1457 2998 1670 3066 Lodovicus

283 3193 284 3199 ἵ
402 3103 551 3188 Samnii,
576 3112 626 3172 est
647 3106 778 3174 mobilis
802 3112 835 3174 et
858 3107 977 3173 habilis
1001 3109 1042 3174 ed
1064 3130 1175 3174 omnes
1198 3108 1343 3193 affectus,
1372 3108 1495 3174 seilicet
1518 3107 1670 3191 optabilis

403 3216 439 3279 ut
467 3213 501 3280 in
524 3214 667 3280 canticis.
714 3214 881 3282 Secundus
904 3238 981 3282 vero
1010 3220 1058 3280 est
1080 3215 1189 3304 gravis
1219 3219 1251 3280 et
1273 3215 1391 3281 flebilis
1420 3220 1453 3281 et
1480 3215 1607 3280 miseris
1638 3220 1671 3280 et

401 3320 504 3405 pigris
526 3322 665 3388 maxime
697 3323 891 3388 conveniens
917 3328 954 3389 ut
984 3323 1018 3387 in
1050 3323 1174 3389 threnis
1207 3328 1239 3389 et
1270 3325 1556 3394 lamentationibus
1583 3323 1671 3388 Iere-

402 3426 496 3494 miee.
542 3427 592 3494 Ex
614 3429 748 3496 tristitie
772 3432 857 3496 enim
880 3451 1029 3498 somnum
1052 3433 1093 3496 ob
1115 3431 1277 3520 flegmatis
1300 3433 1478 3498 motionem
1499 3432 1668 3517 provenire

400 3557 466 3602 non
482 3535 675 3602 dubitamus.
715 3536 808 3603 Unde
831 3538 925 3603 illud:
951 3544 1043 3604 erant
1058 3539 1143 3604 oculi
1160 3561 1270 3605 eorum
1284 3541 1411 3627 gravati
1425 3562 1502 3625 prae
1526 3539 1667 3606 tristitia.

401 3641 482 3708 Erat
512 3648 621 3710 autem
641 3644 861 3731 pythagoricis
891 3646 926 3712 in
947 3669 1084 3730 morem,
1115 3651 1163 3727 ut,
1196 3670 1269 3716 eum
1299 3649 1464 3712 diuturnas
1492 3647 1527 3712 in
1556 3668 1670 3712 somno

402 3770 495 3816 curas
529 3751 743 3837 resolverent,
778 3753 957 3840 hypodorio
992 3758 1171 3840 uterentur,
1209 3760 1246 3823 ut
1280 3756 1325 3820 eis
1358 3755 1442 3820 lenis
1476 3759 1508 3820 et
1542 3754 1669 3839 quietus

401 3879 534 3924 somnus
556 3859 723 3946 irreperet.
769 3861 957 3946 Experrecti
979 3884 1055 3929 vero
1078 3863 1170 3928 dorio
1193 3868 1358 3946 stuporem
1381 3863 1485 3928 somni
1509 3862 1670 3928 confusio-

400 3985 539 4050 nemque
562 3967 747 4053 purgabant
775 3969 915 4035 scientes
937 3968 1103 4053 nimirum,
1132 3975 1168 4036 ut
1196 3971 1243 4054 ait
1264 3971 1462 4054 Boetiusg
1487 3970 1572 4054 quod
1599 3974 1670 4034 tota

399 4075 530 4139 nostrae
558 4073 683 4140 animae
706 4077 912 4162 corporisque
943 4099 1104 4166 compago
1124 4079 1247 4144 musica
1269 4079 1473 4163 coaptatione
1500 4078 1670 4142 coniuncta

402 4183 459 4246 eet.
505 4179 548 4246 Et
570 4185 607 4248 ut
629 4203 700 4248 sese
724 4185 866 4269 corporis
890 4185 1024 4250 affectus
1047 4184 1155 4269 habet,
1184 4187 1231 4251 ita
1254 4208 1380 4271 quoque
1404 4188 1473 4269 (pag.
1491 4189 1533 4266 44)
1557 4184 1668 4268 pulsus

400 4285 506 4350 cordis
530 4288 671 4354 motibus
693 4289 877 4356 incitantur.

488 4543 585 4600 ¹1nst.
605 4545 747 4616 Mus.1,1
767 4551 819 4616 (ee.
838 4549 992 4618 ascaron,
1012 4571 1038 4622 p.
1052 4550 1111 4618 rea,
1122 4551 1249 4619 27-186‚
1261 4557 1293 4618 s}-
1396 4528 1397 4531 Ὺ
