3742 5528
699 305 892 370 ..3-

138 482 196 562 in
223 481 382 545 humanos
410 481 547 562 animos,
582 500 640 542 seu
668 478 809 544 mulcere
840 501 898 544 seu
925 479 1041 545 tollere
1071 480 1163 564 velit,
1194 483 1435 552 auctor-itatem.¹

164 588 287 667 Quodsi
313 586 375 653 hac
404 591 515 652 nostra
543 591 736 670 tempestate
767 592 817 653 tot
842 588 997 653 miracula
1026 611 1084 672 per
1114 589 1271 655 musicam
1296 592 1428 658 minime

161 696 249 780 fiant,
272 718 338 761 non
361 697 432 779 arti,
458 718 540 781 quae
563 717 661 781 supra
682 701 830 762 naturam
852 695 1088 780 perfectissima
1105 701 1162 780 est,
1188 698 1245 762 sed
1261 703 1329 764 arte
1344 699 1429 767 male

162 804 328 870 utentibus
350 805 574 889 imputandum
598 809 655 869 est.
696 803 731 870 si
755 806 840 869 enim
861 804 919 886 illi,
946 826 1081 890 quorum
1102 827 1200 890 supra
1213 808 1428 892 meminimus,

161 912 383 996 probatissimi
404 913 519 977 musici
542 912 582 976 ad
605 913 705 976 vitam
724 916 960 992 revocarentur,
985 913 1141 978 musicam
1155 915 1259 978 nostri
1274 915 1429 999 temporis

163 1043 181 1084 a
203 1043 238 1084 se
260 1021 427 1086 inventam
448 1024 619 1106 negarent:
643 1041 744 1105 usque
762 1019 842 1084 adeo
856 1019 977 1104 inepta,
1001 1020 1194 1086 inconcinna
1212 1021 1435 1106 dissipataque·

162 1130 362 1212 quorundam
384 1132 551 1194 cantorum
575 1128 803 1213 depravatione
826 1127 951 1193 reddita
975 1131 1032 1192 est.

247 1237 307 1301 His
334 1237 434 1322 igitur
462 1235 642 1301 rationibus
671 1237 753 1301 moti
779 1256 932 1321 praesens
960 1257 1039 1320 opus
1069 1235 1227 1301 edidimus
1250 1240 1426 1321 sperantes,

163 1344 224 1409 etsi
246 1344 312 1409 sint
332 1335 471 1409 fortasse
494 1343 594 1428 aliqui
615 1366 701 1408 nunc
716 1343 872 1427 viventes,
897 1344 951 1428 qui
966 1342 1067 1409 livore
1084 1344 1243 1409 stimulati
1259 1345 1428 1410 detrahere

162 1474 258 1536 quarn
279 1452 433 1537 proficere
454 1452 578 1535 malint,
601 1451 727 1517 futuros
745 1452 842 1517 etiam
858 1452 942 1536 apud
956 1451 1182 1535 posteritatem
1198 1473 1294 1536 quam
1308 1453 1426 1536 plures,

162 1561 217 1644 qui
239 1559 365 1644 sepulto
386 1559 527 1624 invidiae
550 1583 675 1626 veneno
690 1564 837 1625 nostrum
851 1559 998 1625 laborem
1012 1559 1145 1624 laudent
1162 1564 1194 1625 et
1210 1561 1301 1644 operi
1316 1565 1428 1626 nostro

160 1668 289 1732 virtutis
312 1690 420 1734 amore
444 1667 601 1752 compulsi
623 1667 767 1732 favorem
791 1667 976 1734 adhibeant.
1030 1667 1144 1750 Operis
1171 1667 1273 1754 igitur
1300 1669 1343 1734 sit
1364 1669 1436 1734 ista·

160 1775 301 1860 partitio.
347 1775 386 1840 In
412 1776 516 1859 primo
544 1776 628 1841 libro
657 1776 809 1840 subtilem
836 1775 1009 1859 practicam
1031 1797 1201 1859 ponemusv‚
1230 1776 1429 1842 insecundo

160 1883 337 1948 theoricam
353 1887 501 1948 accurate
519 1884 735 1961 discutiemus,
748 1883 891 1948 intortio
904 1883 1059 1948 musicam
1071 1883 1425 1965 semimathernaticarn,

160 1991 408 2076 semiphysioam
435 2013 590 2076 congrua·
606 1991 730 2055 ratione
759 1990 978 2074 prohabimus.
1034 1992 1178 2055 Primum
1206 1991 1320 2077 igitur,
1351 1993 1429 2076 quid

158 2100 282 2164 musica
304 2100 347 2163 sit
370 2098 485 2182 quidve
508 2097 686 2180 harmonia,
714 2097 917 2162 disseramus.

247 2221 318 2286 (pag.
331 2220 355 2277 3)
387 2205 496 2271 Finito
523 2206 659 2291 prologo
690 2205 805 2289 incipit
838 2209 1009 2287 tractatus,
1044 2207 1102 2271 ubi
1134 2205 1238 2290 primo
1275 2207 1352 2290 quid
1385 2208 1428 2271 sit

159 2315 282 2380 musica
305 2313 420 2399 quidve
443 2313 612 2379 harmonia
635 2313 824 2398 disputatur.

554 2599 799 2680 capitulum
825 2598 1024 2681 primum.
1131 2574 1133 2579 ⁵

158 2745 447 2880 HARMONIAM
470 2751 566 2830 atque
589 2748 745 2810 musicam
766 2747 854 2810 idem
877 2768 946 2810 esse
962 2745 1056 2810 multi
1072 2746 1216 2839 credunt,
1240 2768 1351 2810 verum
1367 2768 1428 2810 nos

236 2854 333 2940 longe
357 2854 451 2919 aliter
473 2855 637 2920 sentimus.
676 2855 725 2918 Ex
748 2855 947 2938 quoiundam
971 2854 1056 2918 enim
1078 2854 1274 2918 musicorum
1297 2855 1428 2918 senten-

157 2962 212 3026 tiis
240 2961 341 3047 longa
364 2962 614 3048 investigatione
643 2961 832 3048 collegimus
855 2961 1057 3026 harmoniam
1081 2960 1288 3026 concordium
1311 2982 1426 3025 vocum

160 3091 229 3134 esse
253 3069 527 3148 commixtionem,
558 3071 713 3135 musicam
735 3093 811 3134 vero
838 3069 939 3154 ipsius
963 3068 1152 3134 concordiae
1174 3068 1335 3132 rationem
1358 3069 1425 3132 sive

158 3200 350 3261 perpensam
367 3182 398 3242 et
414 3179 566 3242 subtilem
582 3200 654 3242 cum
668 3179 793 3243 ratione
809 3178 1004 3263 indaginem.
1043 3177 1166 3241 Musica
1183 3180 1292 3240 autem
1307 3172 1426 3260 triplex

160 3291 221 3365 est;
244 3308 320 3350 nam
344 3285 408 3350 alia
430 3287 604 3370 mundana,
634 3287 699 3350 alia
720 3285 874 3369 humana,
904 3285 967 3349 alia
989 3306 1066 3349 vero
1092 3283 1209 3348 dicitur
1229 3284 1427 3348 instrumen-

158 3393 242 3458 talis.
287 3394 482 3470 Mundanam
506 3399 601 3478 atque
624 3393 805 3476 humanam,
831 3393 983 3477 quoniam
1006 3391 1223 3476 speculativae
1246 3391 1426 3457 theoricas·

159 3523 220 3586 que
244 3506 330 3586 sunt,
360 3502 395 3566 in
418 3503 557 3566 secundo
579 3502 663 3566 libro
687 3502 846 3586 tertioque
869 3500 1152 3585 pertractabimus,
1182 3499 1279 3564 tertia
1306 3503 1424 3582 autem,

159 3633 239 3694 quae
274 3614 343 3676 tota
375 3610 459 3674 circa
491 3610 705 3674 instrumenta
733 3615 893 3691 versatur,
929 3607 1144 3673 consideratio
1182 3607 1323 3690 priorem
1362 3606 1425 3671 sibi

157 3719 342 3783 vendicabit
364 3718 480 3783 locum.

244 3827 497 3890 Instrumentum
522 3825 639 3908 duplex
662 3829 723 3890 est:
755 3823 841 3890 aliud
870 3825 955 3888 enim
981 3828 1110 3904 natura,
1136 3822 1223 3886 aliud
1248 3843 1325 3886 vero
1355 3825 1426 3885 arte

158 3938 292 3998 constat.
339 3933 496 3998 Naturale
519 3933 768 3998 instrumentum
790 3955 852 3997 vox
874 3931 1015 3997 hominis
1039 3937 1096 4015 est,
1122 3929 1208 4015 quod
1232 3928 1427 3993 naturaliter

158 4063 269 4106 vocem
293 4041 417 4107 elevare
442 4042 684 4125 deprimereque
699 4063 878 4125 possumus.
918 4041 1006 4104 Artis
1021 4040 1272 4104 instrumentum
1296 4036 1424 4120 dicitur,

161 4149 246 4233 quod
270 4152 338 4214 arte
364 4149 422 4214 fiat
448 4170 513 4214 non
535 4153 664 4232 natura,
694 4155 731 4214 ut
752 4149 1005 4216 monochordum
1035 4152 1067 4212 et
1094 4145 1217 4212 cithara
1248 4149 1280 4210 et
1307 4148 1425 4228 cetera,

158 4279 240 4341 quae
270 4257 450 4322 cantilenae
478 4256 685 4324 famulantur.
737 4257 830 4322 Circa
857 4278 995 4342 'quorum
1025 4247 1300 4320 accuratissimam
1332 4274 1424 4337 prac-

156 4365 239 4430 ticae
256 4365 548 4431 considerationem
565 4367 629 4431 tria
643 4367 873 4450 perscrutanda
888 4365 982 4431 nobis
999 4367 1184 4430 occurrunt:
1209 4383 1271 4427 vox
1289 4360 1424 4445 scilicet,

157 4493 254 4537 sonus
278 4477 374 4556 atque
396 4495 549 4537 numerus
572 4475 640 4538 sive
656 4496 820 4539 mensura.
866 4473 937 4539 Vox
960 4473 995 4538 in
1017 4471 1183 4556 proposito
1208 4470 1340 4536 abusive
1362 4491 1423 4554 pro

156 4579 324 4646 hominurn
341 4587 373 4646 et
395 4580 681 4647 instrumentorum
696 4604 776 4648 sono
792 4582 937 4666 sumitur,
963 4586 999 4647 ut
1014 4579 1244 4646 Aristotelis
1260 4578 1424 4644 sententia

1182 4701 1213 4753 1*
