3742 5528
921 304 1142 370 ..50...

397 484 548 568 Namque
569 473 743 567 probatum
765 485 816 547 est
836 480 934 545 istam
956 501 1082 544 musam
1104 475 1279 563 silentium,
1304 479 1401 545 aliam
1423 479 1499 545 vero
1522 478 1674 545 ultimam.

399 613 511 657 vocem
536 591 683 655 altiorem
706 595 827 654 tenere.
874 587 942 653 Nos
966 608 1041 653 vero
1065 585 1235 654 careamus
1259 589 1299 654 ab
1323 588 1515 672 antiquitate
1539 592 1670 653 auctore

402 699 523 782 aliquid
545 701 770 764 transvertere.
806 697 878 762 Erit
892 697 992 782 igitur
1006 697 1094 781 prior
1109 718 1172 762 vox
1186 695 1538 781 proslambanomenos,
1555 695 1670 760 ultima

399 828 476 872 vero
499 811 574 872 nete
597 805 828 890 hyperboleon,
852 806 1045 889 inquorum
1072 800 1218 878 omnium
1247 805 1428 889 exemplum
1456 805 1669 888 subscriptam

403 915 597 980 subiecimus
619 914 764 1000 figuram:
818 904 820 910 '

486 1022 536 1086 Ex
557 1021 618 1086 hac
640 1022 741 1107 igitur
762 1020 884 1107 figurae
908 1017 1119 1104 dispositione
1139 1024 1238 1104 patet,
1262 1042 1361 1106 quare
1383 1021 1469 1105 tropi
1492 1020 1570 1087 dicti
1592 1021 1665 1097 sint,

399 1130 474 1215 quia
504 1147 586 1194 uuus
617 1129 741 1194 scilicet
770 1151 808 1193 er
836 1128 899 1194 alio
928 1121 1123 1212 procreatur.
1176 1128 1323 1214 Namque
1352 1130 1488 1194 istorum
1516 1130 1563 1193 sic
1591 1129 1668 1194 crdo

398 1236 556 1320 procedit,
581 1241 626 1319 ut,
651 1239 678 1304 si
702 1237 772 1321 quis
796 1238 933 1320 primam
956 1231 1096 1320 speciem
1119 1238 1276 1321 diapason
1304 1260 1323 1301 a
1345 1237 1669 1322 proslambanomene

398 1345 433 1408 in
455 1339 565 1409 mesen
587 1337 751 1424 sumtis,
767 1367 847 1429 quas
866 1350 1026 1410 extremae
1042 1366 1138 1410 voces
1152 1340 1276 1412 medias
1292 1345 1453 1424 claudunt,
1476 1347 1513 1409 in
1535 1367 1669 1409 acumen

399 1446 548 1518 intendat
569 1457 647 1517 tono
673 1452 856 1536 hypateque
883 1453 1027 1537 hypaton
1059 1447 1173 1518 eodem
1200 1459 1278 1518 tono
1308 1459 1454 1519 attenuet
1482 1457 1668 1536 ceterasque

401 1583 511 1626 omnes
543 1552 621 1626 tono
652 1560 751 1625 iaciat
786 1553 955 1644 acutiores,
990 1562 1114 1626 acutior
1146 1567 1234 1627 totus
1268 1563 1347 1628 ordo
1375 1563 1543 1647 proveniet
1573 1583 1669 1646 quam

399 1667 470 1748 fnit,
494 1658 682 1752 priusquam
710 1669 779 1732 toni
807 1669 985 1752 susciperet
1010 1669 1236 1734 intensionem.
1281 1670 1353 1735 Erit
1379 1671 1480 1756 igitur
1502 1674 1572 1734 tota
1594 1691 1669 1734 con-

401 1776 528 1840 stitutio
563 1776 686 1841 acutior
720 1776 836 1842 effecta
868 1777 1109 1863 hypophrygius
1143 1779 1269 1854 modus,
1302 1782 1335 1843 et
1367 1777 1402 1841 in
1435 1777 1506 1841 aliis
1541 1777 1670 1861 quidem

403 1883 592 1948 similis-est
618 1885 653 1949 in
684 1904 818 1949 acumen
846 1883 1125 1970 intensionemque
1152 1906 1330 1968 processus.
1375 1885 1451 1950 Non
1479 1906 1555 1970 ergo
1583 1884 1669 1967 tropi

401 1991 479 2056 dicti
507 1996 590 2071 sunt,
622 1993 707 2077 quod
739 1994 774 2056 in
799 1993 953 2078 gravibus
986 1987 1178 2077 incipientes
1207 1993 1242 2058 in
1270 1997 1379 2058 acutas
1392 2034 1394 2038 <
1408 2015 1443 2058 sa
1470 1991 1670 2058 transferunt

400 2121 495 2163 voces
513 2103 546 2164 et
561 2101 601 2164 ad
616 2099 714 2166 finem
729 2105 930 2165 recurrentes
945 2103 980 2165 in
995 2101 1147 2187 gravibus
1162 2101 1286 2180 finiunt,
1305 2105 1341 2165 ut
1355 2100 1478 2184 placuit
1494 2100 1515 2165 J
1521 2099 1595 2164 oha
1602 2100 1667 2163 nni

400 2211 539 2272 sancto¹.
586 2208 696 2293 Aliqui
720 2209 805 2273 enim
829 2201 923 2288 sunt,
948 2209 1002 2294 qui
1024 2210 1146 2274 nonin
1168 2210 1320 2295 gravibus
1355 2209 1467 2273 sedin
1491 2207 1593 2272 acutis
1616 2207 1669 2270 in-

400 2315 532 2397 cipiunt,
545 2320 582 2379 ut
593 2317 690 2399 paulo
702 2321 776 2399 post
788 2317 951 2381 dicemus²
967 2317 1005 2380 de
1017 2338 1211 2402 unoquoque
1228 2316 1415 2402 singulatim
1423 2319 1667 2399 pertractantes.

486 2423 630 2486 Primum
660 2428 771 2488 tamen
793 2425 951 2508 quaedam
981 2425 1129 2490 omnibus
1157 2425 1330 2511 generalia,
1360 2445 1419 2508 per
1447 2446 1528 2508 quae
1556 2426 1668 2487 cantus

400 2529 505 2611 possit
528 2523 687 2615 cognosci,
711 2530 895 2616 incognitus
919 2532 946 2595 si
969 2531 1019 2612 sit,
1044 2533 1171 2618 corrigi,
1197 2531 1345 2598 siminus
1367 2533 1450 2597 bene
1474 2529 1670 2614 compositus

402 2641 507 2700 exstat
535 2642 567 2702 et
597 2639 636 2702 de
663 2660 748 2704 novo
783 2639 882 2703 alium
908 2644 995 2704 recte
1030 2640 1331 2725 componereseire
1363 2640 1534 2724 possimus,
1568 2639 1669 2702 disse-

401 2765 517 2808 ramus
542 2756 614 2824 (pag.
633 2762 665 2811 47
681 2761 767 2824 figura
784 2765 809 2822 7,
829 2776 890 2827 pag.
907 2765 1018 2815 48-50
1034 2760 1143 2822 vacant)
1343 2743 1344 2751 ἵ
1412 2747 1413 2751 ¹

422 3083 423 3088 ’
489 3073 497 3110 ¹
515 3071 568 3126 Die
580 3071 771 3142 Verbindung
787 3073 881 3128 dieses
900 3063 1025 3130 Namens
1043 3074 1098 3130 mit
1116 3075 1189 3144 tropi
1205 3072 1268 3130 lact
1286 3077 1445 3143 vermuten,
1465 3073 1522 3129 dass
1540 3072 1558 3126 J
1562 3073 1666 3128 chan-

312 3153 323 3164 “
400 3171 459 3212 nes
479 3156 710 3213 Damascenus
730 3160 859 3229 gemeint
876 3160 924 3214 ist.

421 3299 423 3304 ,
487 3243 499 3281 ²
518 3243 644 3300 dicetur.-
