3750 5528
708 331 925 396 ,ὃμ-

183 508 219 568 ut
241 505 261 570 J
267 503 439 570 ohannes
463 506 506 570 de
529 505 665 570 Muris1
688 506 775 588 dicit,
800 505 875 589 quia
897 505 1026 570 trinitas
1048 506 1082 570 in
1101 505 1218 571 divinis
1236 511 1269 572 et
1289 507 1325 572 in
1343 508 1451 574 anima

182 612 390 678 intellectiva.
437 613 521 677 Nam
546 613 695 678 'defectus
725 615 774 678 est
799 612 834 696 ip
859 601 1044 678 matheseos
1072 613 1250 698 disciplinis
1278 638 1337 699 per
1363 638 1451 682 com-

182 722 385 805 parationem
409 721 516 804 aliqua
538 721 685 806 probare.
728 721 815 786 Ista²
837 721 975 812 mutatio
998 725 1091 785 terna
1114 723 1268 806 corporis,
1292 725 1450 790 dimensio

181 829 340 894 lineanmr
364 827 598 913 aliquantulum
622 832 671 893 est
685 827 850 893 naturalis.
891 827 979 893 Sed³
1001 832 1111 894 tamen
1127 852 1199 895 eam
1214 832 1314 896 etiam
1329 833 1451 917 impro-

182 937 310 1017 bamus,
350 937 502 1021 quoniam
537 937 649 1001 eodem
682 937 779 1001 modo
813 937 958 1002 senarius
990 937 1079 1021 prior
1113 940 1146 1002 et
1177 937 1354 1022 perfectior
1387 940 1450 1005 dici

182 1044 311 1127 poterit,
338 1043 412 1127 quia
434 1066 491 1110 sex
505 1045 633 1128 punctis
655 1044 847 1109 terminatur
869 1049 902 1109 et
915 1049 1071 1129 punctum
1093 1045 1181 1129 prius
1206 1050 1255 1110 est
1276 1046 1311 1111 in
1325 1047 1451 1113 mathe-

183 1153 302 1216 matica
325 1153 551 1218 abstractione.
583 1153 699 1217 Rati04
721 1175 806 1232 vero,
832 1175 927 1238 quam
949 1154 1106 1218 tradimus
1128 1175 1196 1237 nos,
1222 1154 1451 1222 mathematica

185 1264 243 1343 est,
267 1259 390 1325 scilicet
408 1260 516 1344 quod⁶
538 1259 700 1344 perfectus
715 1282 867 1326 numerus
883 1261 1000 1326 dicitur
1015 1263 1185 1343 ternarius,
1209 1263 1361 1346 quoniam
1376 1285 1451 1347 par-

183 1366 270 1432 tibus
294 1367 445 1452 aliquotis
470 1372 502 1432 et
524 1368 631 1452 quotis
659 1368 755 1433 simul
778 1369 914 1453 sumptis
939 1373 988 1433 est
1011 1369 1163 1453 aequalis.
1209 1369 1345 1435 Excedit
1373 1392 1450 1457 ergo

184 1476 345 1540 senarium
377 1475 412 1540 in
446 1475 659 1560 perfectione;
696 1499 771 1542 nam
801 1498 875 1560 pars
907 1481 1006 1561 quota
1037 1477 1153 1543 dicitur
1176 1478 1342 1562 quaelibet
1375 1453 1450 1563 pafs

177 1581 268 1647 'infra
300 1583 405 1667 ipsum
437 1606 606 1649 numerum
641 1589 806 1667 contenta,
843 1585 928 1668 quod
959 1586 1063 1650 omnis
1095 1607 1171 1670 ergo
1201 1607 1276 1669 pars
1308 1585 1452 1671 aliquota

183 1694 292 1774 potest
315 1691 377 1755 dici
406 1695 513 1775 quota,
542 1714 609 1756 non
636 1696 746 1756 tamen
775 1713 792 1756 e
820 1696 940 1757 contra.
988 1691 1123 1770 Quando
1153 1692 1255 1779 igitur
1283 1693 1391 1778 aliqua
1416 1695 1451 1758 in

184 1797 256 1860 aliis
279 1797 421 1862 scientiis
442 1798 561 1863 debent
582 1798 723 1882 probari,
748 1799 788 1863 ad
802 1799 1049 1864 mathematicas
1064 1821 1196 1864 necesse
1221 1804 1270 1864 est
1284 1806 1451 1866 recurrant

184 1907 483 1989 demonstrationes,
509 1907 660 1992 quoniam
682 1907 735 1972 hic
758 1907 1005 1991 demonstratur,
1030 1908 1097 1972 illic
1120 1912 1228 1972 autem
1252 1909 1451 1993 comparatio

184 2013 330 2079 sufficiet.
376 2014 430 2078 Illi
451 2014 559 2100 igitur,
589 2016 644 2098 qui
670 2015 704 2078 in
730 2015 853 2079 musica
879 2015 1113 2099 perfectionem
1140 2015 1251 2081 dicunt
1277 2039 1336 2099 per
1364 2039 1452 2082 com-

183 2122 393 2206 parationem,
417 2122 650 2206 perfectionem
677 2145 768 2187 suam
792 2122 941 2187 auferunt
969 2123 1009 2187 ab
1038 2145 1085 2187 ea.
1130 2124 1220 2188 Haec
1249 2125 1288 2188 de
1315 2146 1451 2190 numero

182 2228 336 2312 perfecto.

270 2337 481 2422 Imperfectus
505 2342 613 2402 autem
628 2360 780 2402 numerus
803 2337 919 2402 dicitur
941 2338 1094 2418 binarius,
1120 2339 1195 2422 quia
1211 2360 1269 2421 per
1290 2339 1451 2403 unitatem

184 2444 283 2509 distat
304 2468 323 2509 a
345 2445 558 2529 perfectione3
589 2446 646 2510 scd
680 2446 864 2524 diminutus,
905 2446 981 2530 quia
1012 2468 1071 2529 per
1103 2445 1273 2526 binarium,
1314 2446 1368 2531 qui
1398 2447 1452 2510 vix

182 2575 334 2617 numerus
358 2554 420 2618 diei
444 2554 585 2632 deberet,
610 2553 673 2618 nisi
696 2555 771 2639 quia
793 2554 828 2618 in
848 2553 910 2617 hac
924 2552 1080 2618 facultate
1095 2553 1227 2620 notulae
1248 2553 1449 2640 franguntur,

184 2664 216 2725 et
237 2683 295 2744 per
317 2667 499 2745 respectum
523 2663 563 2730 ad
579 2663 657 2727 duas
673 2663 864 2727 medietates
879 2683 992 2725 verum
1007 2661 1141 2727 tenebit.
1153 2662 1193 2745 (Ρ)
1223 2661 1328 2726 Aliter
1344 2667 1452 2727 autem

182 2768 217 2831 in
241 2767 444 2833 arithmetica
476 2769 607 2853 ponitur
633 2792 785 2834 numerus
808 2769 942 2852 triplex:
973 2769 1136 2853 perfectus
1171 2770 1303 2850 scilicet,
1339 2793 1452 2855 supcr-

182 2875 265 2940 fluus
289 2879 321 2940 et
344 2877 608 2960 diminutus'per
634 2878 907 2960 comparationem
936 2878 976 2941 ad
1004 2882 1114 2960 partes
1142 2877 1311 2962 aliquotas.
1357 2878 1451 2943 Unde

184 2983 341 3062 senarius,
374 2985 464 3050 cuius
491 2988 600 3068 partes
629 2984 791 3068 aliquotae
821 2989 896 3049 sunt
925 2984 953 3047 l.
979 2983 1007 3047 2.
1032 2985 1061 3063 3,
1092 3006 1173 3069 quae
1205 2986 1301 3048 simul
1323 2987 1451 3050 iunctae

184 3092 344 3155 senarium
372 3091 510 3175 implent
542 3115 602 3156 nec
631 3093 796 3172 excedunt,
829 3091 946 3158 dicitur
974 3092 1145 3176 perfectus.
1192 3092 1258 3156 Sed
1283 3092 1331 3164 12,
1362 3093 1451 3158 cuius

182 3203 290 3281 partes
321 3199 348 3263 1.
374 3199 404 3263 2.
430 3199 459 3264 3.
482 3200 512 3266 4.
535 3200 555 3262 6
585 3201 680 3264 simul
696 3204 766 3283 (pag.
785 3206 831 3280 66)
850 3204 999 3283 sumptae
1028 3222 1121 3264 suum
1149 3204 1256 3266 totum
1284 3201 1450 3274 excedunt,

183 3307 360 3390 superfluus
383 3307 530 3387 habetur,
556 3309 731 3372 diminutus
753 3311 906 3373 numerus
930 3307 979 3385 10,
1005 3309 1081 3393 quia
1104 3307 1173 3372 eius
1195 3312 1305 3392 partes
1328 3308 1453 3374 scilicet

186 3413 212 3476 1.
230 3413 260 3480 2.
276 3415 297 3478 5
313 3409 353 3479 ad
375 3415 475 3480 totius
499 3437 657 3480 summam
679 3438 744 3480 non
764 3416 930 3495 accedunt,
956 3420 989 3480 et
1011 3414 1214 3496 8similiter,
1229 3415 1319 3480 cuius
1341 3419 1451 3502 partes

183 3521 306 3586 scilicet
335 3522 363 3588 1.
386 3522 415 3588 2.
438 3523 458 3585 4
480 3527 606 3607 septem
638 3546 705 3590 non
732 3524 899 3588 excedunt.
952 3523 1066 3608 Itaque
1097 3524 1202 3588 omnis
1237 3523 1453 3608 inaequalitas

183 3629 295 3694 autin
316 3630 503 3710 maioribus,
528 3635 584 3695 aut
605 3632 639 3695 in
654 3631 832 3696 minoribus
848 3630 996 3696 terminis
1012 3631 1243 3696 consideratur.
1288 3631 1343 3695 Illi
1367 3631 1452 3696 enim

183 3736 396 3805 immoderata
423 3739 658 3824 quodammodo
686 3739 887 3826 plenitudine
915 3738 1038 3823 proprii
1066 3738 1209 3822 corporis
1238 3739 1453 3824 quantitatem

183 3847 323 3929 partium
346 3869 475 3911 suarum
497 3846 729 3934 numerositate
754 3847 924 3913 excellunt.
970 3846 1055 3910 Istos
1071 3851 1180 3911 autem
1202 3846 1291 3910 velut
1312 3869 1452 3931 pauper-

183 3956 251 4016 tate
273 3954 386 4037 inopes
411 3976 645 4040 oppressosque
668 3955 806 4039 quadam
828 3958 963 4019 nunnae
987 3976 1063 4018 suae
1090 3954 1200 4042 inopia
1226 3953 1333 4019 minor
1356 3976 1452 4038 quam

183 4060 246 4144 ipsi
275 4061 340 4126 sint
368 4062 508 4147 partium
536 4085 661 4128 summa
689 4063 862 4146 componit.
913 4061 979 4126 Sed
1002 4063 1040 4127 de
1064 4063 1114 4126 his
1137 4061 1303 4127 hactenus.
1358 4061 1453 4126 Nunc

184 4190 260 4234 vero
284 4170 482 4235 differentias
505 4193 711 4236 numerorum
734 4170 932 4256 colligamus.

272 4449 281 4488 ¹
298 4447 364 4517 Vgl.
381 4448 398 4502 J
404 4448 555 4504 ohannes
576 4449 615 4503 de
634 4447 755 4512 Muris,
775 4447 1020 4516 Mraeicupractica
1037 4445 1204 4515 (Gerbert,
1223 4445 1385 4516 Scriptores
1398 4447 1454 4515 III,
1482 4407 1486 4416 ι

183 4533 350 4675 29213111.
506 4620 585 4675 ³sie.
741 4622 754 4659 ⁴
770 4620 919 4676 rationem.
1076 4619 1182 4688 ⁵quia.
1221 4619 1224 4626 '

234 4723 336 4766 Bsihefts
350 4724 388 4766 der
401 4724 459 4767 uls.
479 4725 507 4765 II.
1226 4724 1244 4778 6
