3742 5528
937 257 1130 322 ..8-

403 431 555 517 quoniam
590 453 678 497 mese
711 452 778 496 non
814 435 883 496 eret
917 431 1024 496 medio
1055 430 1128 496 loco
1161 429 1282 515 posita,
1319 452 1392 495 cum
1426 428 1667 514 quatuordecim

403 545 511 605 essent
532 539 631 618 nervi,
661 539 886 624 superadditus
914 543 963 604 est
984 560 1115 622 nervus,
1144 539 1198 623 qui
1221 561 1241 603 a
1263 537 1396 604 Graecis
1424 537 1668 630 proslambanoj

401 670 514 714 menos
536 646 589 713 vel
611 648 768 733 prosodos
792 647 916 730 dicitur,
942 670 960 711 a
982 647 1103 712 nostris
1118 668 1195 712 vero
1219 646 1394 731 acquisitus
1416 645 1469 710 vel
1484 648 1666 728 assumptus

402 756 454 820 vel
477 777 624 821 accessus
647 760 857 838 nuncupatur.

490 862 632 930 Cuilibet
649 863 735 928 enim
750 862 956 928 tetrachordo
980 862 1008 928 si
1023 867 1119 928 tonus
1144 867 1214 945 (pag.
1233 867 1258 946 r)
1282 863 1426 944 addatur,
1451 861 1575 946 species
1599 858 1668 924 effi÷

404 972 494 1056 citur,
526 994 607 1056 quae
636 971 796 1055 diapente,
827 972 901 1055 quia
923 991 1038 1036 vocum
1065 971 1206 1056 quinque
1236 975 1294 1050 est,
1321 975 1455 1035 vocatur
1478 973 1534 1034 aut
1554 972 1668 1054 penta-

404 1079 569 1164 chordum,
593 1080 668 1164 quia
691 1078 883 1144 chordarum
906 1079 1056 1164 quinque,
1079 1079 1324 1144 intervallorum
1348 1082 1495 1164 quatuor,
1517 1081 1668 1148 tonorum

401 1189 500 1252 trium
521 1210 595 1253 cum
618 1187 790 1253 semitonio
819 1193 877 1269 est,
905 1191 941 1252 ut
964 1209 984 1251 u
1006 1209 1030 1253 e.
1077 1187 1142 1252 Sed
1165 1210 1184 1252 a
1211 1188 1362 1272 diapente
1392 1186 1563 1252 semitonio
1593 1184 1669 1249 sub·

402 1298 505 1360 tracto
532 1295 671 1361 tritonus
701 1295 853 1373 efficitur,
882 1299 918 1360 ut
944 1295 966 1378 f
978 1286 1003 1376 h.
1055 1296 1134 1360 Post
1162 1294 1312 1379 diapente
1338 1294 1462 1378 priores
1492 1315 1594 1377 usque
1629 1291 1670 1358 ad

404 1403 603 1470 diatessaron
625 1403 822 1488 replicantur
843 1402 905 1468 hoc
927 1403 1037 1469 modo:
1063 1403 1213 1487 diapente
1237 1425 1309 1468 oum
1332 1401 1514 1486 semitonio,
1542 1405 1578 1466 ut
1600 1422 1621 1465 u
1642 1399 1666 1483 f,

406 1513 556 1594 diapente
580 1533 652 1577 cum
674 1515 752 1576 tono
779 1515 816 1576 ut
837 1532 854 1575 e
875 1511 904 1590 b,
930 1511 1080 1594 diapente
1108 1533 1181 1576 cum
1209 1510 1421 1576 semiditono¹
1445 1514 1481 1575 ut
1502 1531 1523 1574 a
1542 1530 1572 1592 p,
1603 1509 1671 1574 dia-

404 1624 500 1704 pente
532 1641 605 1684 cum
639 1619 749 1685 ditono
784 1622 820 1683 ut
851 1640 867 1684 e
896 1610 909 1695 d
936 1620 1102 1703 quadrum.
1162 1618 1228 1684 Sed
1262 1618 1412 1702 diapente
1451 1619 1562 1682 iuncta
1597 1639 1669 1682 cum

404 1728 605 1793 diatessaron
628 1726 793 1811 componit
815 1727 969 1810 speciem,
1000 1749 1082 1812 quae
1106 1727 1261 1810 diapason
1284 1726 1409 1809 dicitur,
1434 1727 1520 1810 quod
1543 1730 1593 1790 est
1614 1747 1672 1808 per

405 1841 509 1900 totum
536 1835 588 1900 vel
618 1836 657 1899 de
684 1839 754 1900 toto
782 1834 896 1914 latine,
929 1836 1080 1920 quoniam
1112 1835 1215 1900 omnis
1246 1839 1429 1917 concentus,
1462 1856 1558 1918 quarn
1585 1855 1671 1918 sym-

405 1943 559 2027 phoniam
577 1942 694 2009 Graeci
709 1942 827 2024 haunt,
853 1947 886 2007 et
901 1965 1012 2008 omnes
1034 1943 1222 2009 harmoniae
1239 1943 1439 2008 differentiae
1461 1943 1547 2006 intra
1568 1941 1671 2025 ipsam

406 2052 618 2117 continentur.
665 2051 842 2134 Propterea
865 2051 905 2116 ab
929 2051 1069 2136 antiquis
1092 2055 1180 2132 recte
1204 2051 1326 2116 dictum
1349 2055 1399 2115 est
1420 2054 1495 2132 post
1517 2049 1672 2132 diapason

405 2158 648 2224 reiterationem
679 2180 806 2242 semper
841 2181 920 2224 esse.
974 2159 1107 2243 Septem
1138 2163 1246 2224 autem
1276 2157 1469 2224 intermedia
1503 2157 1674 2222 discrimen

408 2267 538 2350 aliquod
560 2266 696 2346 habent3
720 2267 805 2331 unde
828 2266 909 2331 illud
932 2268 1096 2351 sapienter
1118 2290 1137 2332 a
1159 2266 1329 2353 Virgilio
1357 2267 1392 2331 in
1414 2265 1468 2331 VI.
1492 2265 1674 2332 Aeneidos²

405 2379 548 2457 positum
571 2377 633 2439 est:

684 2511 741 2565 Nee
758 2528 815 2564 uon
835 2511 974 2566 threicius
992 2513 1072 2582 longo
1090 2530 1152 2566 cam
1170 2517 1236 2566 nesle
1253 2514 1376 2567 sacerdos

685 2595 842 2668 Obloqac'tar
859 2599 984 2652 numeris
1001 2605 1100 2668 septem
1117 2599 1284 2653 disorime'aa
1296 2616 1397 2654 coeunt.

494 2742 617 2809 Octava
639 2767 716 2810 vero
747 2743 861 2810 similis
886 2749 934 2810 est
956 2745 1116 2829 primae³;
1143 2745 1217 2810 ideo
1242 2745 1459 2832 Gregorius
1491 2745 1676 2810 differentes

409 2853 534 2916 litteras
551 2857 675 2936 septem
692 2856 804 2918 etnon
825 2854 961 2937 amplius
987 2854 1104 2937 posuit,
1129 2855 1186 2919 sed
1207 2856 1335 2919 easdem
1358 2853 1477 2937 repetit
1498 2875 1535 2918 ac
1557 2854 1675 2918 iterum

408 2961 509 3044 ponit.
563 2958 723 3037 Quoniam
754 2961 841 3026 inter
870 2963 1008 3045 primam
1038 2966 1071 3026 et
1100 2967 1247 3027 octavam
1273 2962 1413 3026 maxima
1440 2961 1675 3027 conformitatis

409 3067 549 3134 affinitas
572 3068 814 3154 similitudoque
837 3071 1006 3152 reperitur,
1031 3071 1111 3135 adco
1127 3074 1163 3135 ut
1186 3070 1314 3134 differre
1330 3093 1395 3135 n0n
1418 3069 1598 3134 sentiantur
1612 3069 1675 3132 nisi

410 3198 510 3260 penes
534 3176 690 3241 acuminis
712 3178 946 3263 gravitatisque
970 3177 1199 3255 diversitatem,
1223 3178 1297 3242 ideo
1321 3178 1475 3260 diapason
1498 3179 1558 3241 ab
1580 3198 1676 3240 voca-

410 3285 506 3348 batur
535 3285 655 3369 gravis,
689 3286 746 3350 sed
775 3286 844 3369 lep
876 3289 979 3350 acuta.
1031 3285 1096 3350 Sed
1120 3286 1241 3350 eisdem
1262 3284 1390 3367 litteris,
1424 3285 1540 3368 quibus
1568 3285 1676 3370 gravis

410 3392 609 3477 signabatur,
634 3397 728 3457 acuta
752 3414 878 3478 quoque
896 3393 1051 3476 diapason
1071 3393 1253 3458 notabatur.
1294 3392 1359 3458 Sed
1381 3393 1566 3473 notandum,
1592 3392 1677 3476 quod

411 3498 571 3585 phthongi
604 3499 690 3564 inter
721 3522 755 3564 se
783 3522 862 3565 sono
894 3501 1023 3584 quidem
1052 3505 1127 3565 sunt
1157 3501 1321 3584 aequales,
1357 3501 1536 3584 quantitate
1571 3505 1678 3564 autern

411 3607 544 3694 figurae,
580 3609 755 3673 secundum
790 3609 875 3692 quod
907 3609 980 3692 plus
1013 3609 1159 3673 minusve
1190 3609 1358 3694 gravitatis
1388 3609 1522 3691 habent,
1555 3608 1678 3672 maiora

410 3716 574 3781 minorave
598 3717 703 3799 spatia
726 3716 900 3781 continent.
1746 3711 1747 3714 ¹

498 3821 569 3900 Quo
598 3823 646 3902 fit,
679 3828 717 3888 ut
748 3828 844 3888 tonus
874 3845 894 3888 o
922 3825 940 3888 b
969 3825 1101 3908 duplum
1134 3824 1340 3890 intervallum
1367 3824 1487 3889 habeat
1517 3830 1595 3889 tono
1624 3815 1679 3904 bb

411 3931 531 4014 quadro
560 3935 763 4014 comparatus
794 3936 826 3996 et
853 3933 915 3996 ed
945 3932 1095 3997 similiter
1127 3933 1167 3997 ad
1189 3935 1209 3997 lc
1229 3935 1247 3996 l.
1290 3933 1333 3997 Et
1362 3933 1484 4017 pariter
1513 3933 1552 3996 de
1582 3931 1678 3995 semi*

413 4039 510 4104 toniis
541 4039 676 4124 aliisque
706 4040 882 4105 maioribus
913 4041 1081 4124 speciebus
1111 4040 1294 4120 dicendum,
1328 4044 1365 4104 ut
1392 4041 1426 4105 in
1455 4039 1558 4126 figura
1588 4060 1679 4103 mon-

412 4152 539 4212 stratur.
580 4133 644 4212 'At
679 4148 829 4232 deinceps
860 4170 926 4213 non
962 4147 1010 4211 ita
1038 4148 1235 4231 ponendum,
1269 4171 1311 4213 ne
1344 4147 1566 4213 inchoantium
1596 4146 1678 4212 offu-
1760 4183 1763 4188 -

500 4383 509 4418 1
527 4379 687 4435 semitonio.

498 4465 597 4520 '2Vers
617 4465 669 4519 645
677 4466 696 4520 f.

498 4553 510 4590 3
527 4550 627 4620 prima.
