3742 5528
961 319 1176 384 -20-

437 495 472 558 in
501 493 645 563 litteram
673 515 690 558 c
719 498 860 576 acutam,
892 492 1044 577 quoniam
1075 492 1218 576 perfecte
1252 514 1368 557 canere
1399 494 1525 560 docent.
1576 493 1653 558 Ideo
1686 515 1706 556 a

435 600 545 672 littera
575 623 592 666 c
618 606 693 667 sunt
718 601 935 686 incipiendae,
968 602 1043 686 quia
1070 605 1182 666 cantur
1213 602 1254 666 ab
1288 601 1400 666 eadem
1429 601 1539 666 littera
1570 599 1704 666 inchoat

436 713 469 774 et
491 709 698 781 semitonium
720 710 860 793 primum
883 711 1018 775 duorum
1045 712 1196 778 tonorum
1219 709 1378 774 clauditur
1405 709 1646 792 intercapedine
1671 711 1704 773 et

435 820 610 882 secundum
632 818 717 882 inter
740 818 821 882 duo1
844 818 1017 882 semitonia
1040 822 1142 882 sonat.
1182 817 1326 882 Primum
1347 817 1449 903 igitur
1473 820 1522 882 cst
1543 839 1559 881 c
1580 816 1715 901 sidestv

436 932 489 991 tur
506 947 575 1011 per.
623 924 688 990 Sed
711 925 786 1010 quia
808 927 983 992 secundum
1006 925 1213 990 semitonium
1236 926 1428 1010 quandoque
1450 925 1487 990 fit
1506 947 1528 989 a
1550 925 1660 989 littera
1682 945 1705 988 a

433 1033 467 1098 in
498 1021 521 1116 b,
559 1034 750 1119 quandoque
785 1056 803 1097 a
835 1033 945 1098 littera
978 1024 994 1112 b
1022 1034 1056 1097 in
1091 1055 1107 1097 c
1141 1037 1268 1098 acutam
1299 1037 1431 1117 propter
1460 1033 1704 1098 tetrachordum

433 1163 664 1226 synemmenon
689 1146 721 1206 et
744 1142 1006 1228 diezeugmenon,
1033 1147 1064 1223 (A
1080 1158 1110 1210 81
1128 1170 1190 1220 pag.
1209 1142 1251 1226 17)
1268 1141 1343 1226 quia
1359 1145 1434 1206 sunt
1455 1141 1502 1205 ibi
1524 1141 1588 1206 tria
1603 1141 1703 1205 semi-

433 1250 524 1314 tonia
547 1249 674 1314 divisim
695 1250 811 1334 locata,
835 1251 899 1314 tria
920 1249 978 1314 illa
1000 1249 1073 1314 loca
1095 1249 1206 1314 littera
1228 1271 1244 1313 s
1267 1253 1342 1314 sunt
1365 1249 1527 1326 denotata,
1551 1247 1613 1313 hoc
1638 1251 1700 1312 est:

433 1379 489 1438 ces,
513 1359 551 1442 ic,
576 1364 632 1422 tus.
679 1358 738 1422 His
763 1359 881 1423 etenim
904 1358 1037 1422 vocibus
1060 1379 1140 1422 cum
1161 1357 1289 1422 chordis
1317 1356 1524 1422 instrumenti
1553 1357 1703 1441 aequiso-

432 1466 604 1531 nantibus²
626 1465 707 1547 fath
723 1482 756 1533 80
771 1495 832 1546 pag.
852 1465 956 1548 17)cile
984 1465 1162 1548 poterimus
1184 1465 1332 1530 naturale
1354 1465 1605 1530 instrumentum
1628 1487 1700 1530 cum

434 1597 485 1658 eo,
519 1576 604 1660 quod
633 1579 701 1639 arte
731 1573 853 1638 factum
884 1577 944 1655 est,
978 1573 1181 1638 concordare.
1234 1572 1329 1651 Quod
1360 1573 1402 1637 si'
1418 1595 1515 1657 supra
1545 1573 1700 1657 diapason

433 1684 587 1747 scandere
602 1682 759 1764 volumus,
784 1683 818 1746 in
835 1681 948 1745 eodem
965 1703 1044 1746 sono
1055 1683 1138 1766 psol,
1163 1686 1199 1746 ut
1214 1680 1312 1765 prius,
1328 1681 1516 1746 locabimus.
1554 1681 1699 1766 Manebit

432 1795 540 1854 autem
563 1789 758 1873 bisyllabum
785 1810 801 1853 o
829 1789 952 1854 scilicet
982 1791 1116 1874 tus-psol
1143 1794 1176 1854 et
1203 1788 1349 1874 sequitur
1376 1812 1448 1854 cum
1476 1791 1544 1854 dlc'
1565 1796 1598 1853 et
1625 1811 1696 1854 cum

431 1921 446 1962 e
470 1903 524 1963 tar
547 1898 725 1983 etreliqua
748 1897 839 1962 sicut·
852 1897 950 1980 prius.

519 2005 572 2071 Sic
597 2005 684 2071 etin
699 2005 791 2091 gravi
813 2004 996 2084 faciendum
1013 2009 1070 2088 est,
1096 2007 1257 2090 quoniam,
1281 2009 1318 2070 ut
1341 2027 1436 2088 saepe
1454 2005 1601 2088 diximus,
1625 2009 1699 2089 post

343 2175 345 2179 .
432 2115 588 2199 diapason
609 2113 789 2179 renascitur
811 2133 886 2193 vox3
919 2118 951 2178 et
974 2114 1123 2198 quotiens
1152 2113 1237 2178 ultra
1260 2113 1417 2197 diapason
1442 2114 1698 2178 transcendimus

431 2224 483 2288 vel
515 2223 751 2302 descendimus,
784 2223 904 2286 totiens
933 2243 1045 2287 vocem
1079 2244 1279 2287 renovamus.
1334 2223 1384 2286 De
1413 2221 1464 2285 his
1497 2222 1598 2307 igitur
1625 2226 1697 2286 octo

431 2336 557 2395 tantum
581 2331 727 2396 doctrina
756 2333 806 2394 est
831 2333 928 2394 recta.
977 2329 1057 2394 Oum
1091 2352 1167 2416 ergo
1198 2331 1238 2393 ad
1267 2334 1413 2394 octavam
1440 2329 1486 2394 sic
1516 2330 1698 2416 graduatim

430 2443 583 2503 cantans3
604 2438 788 2521 pervenerit
810 2437 972 2515 chordam,
998 2437 1118 2502 eisdem
1134 2438 1286 2524 gradibus
1310 2438 1506 2521 syllabisque
1530 2437 1694 2502 conversis

430 2547 628 2631 pedetentim
658 2566 771 2609 vocem
797 2545 943 2608 remittat
971 2550 1003 2609 et
1030 2551 1096 2610 tam
1128 2546 1183 2610 diu
1211 2544 1273 2611 hoc
1303 2545 1410 2626 faciat,
1444 2546 1545 2610 donec
1575 2546 1696 2629 absque

429 2653 641 2719 monochordi
675 2653 881 2736 percussione
917 2652 1004 2716 idem
1040 2653 1146 2718 facere
1187 2653 1403 2738 perdidicerit.
1461 2652 1532 2731 Quo
1564 2656 1695 2736 peracto

429 2763 547 2826 iterum
571 2786 589 2825 a
617 2762 721 2845 prima
745 2761 785 2825 ad
808 2761 981 2825 secundam
1009 2758 1162 2826 ascendat
1189 2767 1222 2826 et
1248 2762 1366 2826 iterum
1390 2785 1409 2826 a
1431 2761 1535 2846 prima
1562 2761 1602 2825 ad
1629 2765 1697 2825 ter-

429 2869 508 2932 tiam
531 2869 670 2934 mediate
699 2893 734 2935 ac
762 2873 876 2956 postea
903 2870 1089 2934 immediate
1119 2869 1237 2952 psallat
1268 2874 1300 2934 et
1323 2894 1342 2934 a
1364 2871 1461 2934 tertia
1490 2870 1531 2934 ad
1558 2869 1695 2952 primam

429 2977 569 3042 mediate
594 2980 626 3041 et
647 2981 760 3061 postea
782 2976 969 3043 immediate
1000 2978 1181 3043 descendat.
1228 2977 1282 3043 Sic
1307 2983 1339 3042 et
1362 2977 1506 3062 aprima
1534 2978 1574 3041 ad
1603 2999 1696 3061 quar-

428 3089 495 3150 tam
518 3085 658 3150 mediate
683 3089 715 3148 et
736 3090 850 3168 postea
870 3085 1057 3150 immediate
1080 3089 1147 3149 tam
1169 3085 1366 3149 intendendo
1383 3076 1478 3169 quam
1500 3085 1695 3149 remittendo

430 3182 466 3258 ao
491 3195 604 3258 eodem
626 3194 722 3258 modo
746 3193 887 3277 aprima
911 3194 951 3257 ad
974 3195 1119 3277 quintam
1141 3194 1290 3276 mediate,
1317 3192 1431 3257 deinde
1454 3192 1639 3257 immediate
1662 3193 1696 3256 in

430 3301 610 3365 elevatione
635 3305 667 3365 et
691 3301 891 3384 depositione
915 3323 950 3365 se
973 3301 1101 3366 habeat.
1143 3301 1208 3366 Sed
1231 3301 1500 3385 quemadmodum
1523 3324 1558 3366 se
1581 3301 1696 3366 habuit

429 3433 447 3472 a
480 3409 584 3492 prima
618 3429 718 3491 usque
752 3409 791 3472 ad
823 3409 969 3493 quintam
1001 3411 1036 3473 in
1069 3409 1249 3474 elevatione
1285 3413 1317 3474 et
1347 3409 1565 3492 depositione,
1600 3409 1646 3474 sic
1676 3432 1695 3473 a

429 3517 568 3581 secunda
591 3517 632 3580 ad
659 3513 791 3594 sextam,
822 3539 840 3579 a
862 3517 960 3581 tertia
983 3517 1023 3580 ad
1046 3517 1217 3600 septimam
1245 3521 1277 3581 et
1301 3541 1319 3581 a
1343 3522 1456 3602 quarta
1485 3519 1525 3582 ad
1549 3522 1694 3583 octavam

427 3625 563 3690 iubilare
586 3628 746 3708 procuret.
793 3623 832 3688 In
853 3622 914 3689 hoc
946 3629 1053 3688 autem
1084 3625 1235 3690 exercitio
1265 3647 1392 3709 semper
1420 3627 1454 3690 in
1482 3625 1594 3710 quinta
1616 3647 1694 3689 voce

427 3733 642 3816 praecipimus
672 3732 789 3815 pedem
820 3753 888 3796 esse
919 3731 1082 3818 figendum
1113 3737 1145 3796 et
1173 3731 1235 3796 hoc
1264 3733 1374 3797 multis
1398 3733 1437 3796 de
1464 3733 1579 3815 causis,
1613 3755 1693 3816 quae

428 3840 574 3904 dicentur
588 3839 623 3904 in
637 3840 748 3923 tropis.
789 3838 944 3904 Similiter
961 3844 993 3904 et
1009 3840 1135 3925 quando
1150 3841 1185 3904 in
1200 3841 1358 3924 principio
1374 3862 1474 3924 usque
1492 3841 1532 3905 ad
1548 3845 1694 3905 octavam

429 3949 626 4045 conscendit,
652 3947 797 4032 quiescat
823 3947 857 4011 in
881 3947 992 4032 quinta
1018 3967 1096 4012 voce
1128 3953 1160 4012 et
1189 3949 1307 4013 iterum
1334 3948 1369 4012 in
1398 3949 1511 4013 eodem
1543 3969 1622 4013 sono
1645 3949 1694 4012 in-

429 4055 550 4140 cipiens
567 4057 607 4120 ad
623 4060 769 4121 octavam
784 4055 950 4141 pertingat
971 4057 1026 4135 ita,
1051 4059 1087 4120 ut
1104 4056 1202 4121 dicat:
1222 4059 1297 4141 psol
1311 4058 1336 4121 lc'
1352 4063 1476 4141 torpor
1489 4078 1537 4141 ou,
1562 4060 1691 4141 etpost,

426 4163 599 4229 intervallo
627 4163 743 4248 quietis
773 4163 868 4247 facto,
900 4162 999 4228 dicat:
1029 4185 1068 4226 oo
1083 4185 1131 4228 ces
1145 4163 1175 4228 c‘s
1192 4170 1254 4244 tca3
1279 4165 1335 4228 sed
1361 4164 1396 4229 in
1422 4165 1617 4232 remittendo
1646 4169 1694 4228 tus

430 4401 434 4484 Ι.
515 4442 523 4478 1
542 4440 620 4494 duas.

511 4527 523 4564 2
541 4525 773 4594 aequisonanter.

510 4613 522 4651 ³
540 4611 610 4666 AB]
630 4615 741 4667 cantus,
