3734 5572
932 229 1168 298 ...104-

503 406 568 473 Sed
591 407 775 492 quiveram
798 410 831 472 et
852 405 1040 491 perfacilem
1063 404 1157 470 huius
1180 403 1368 489 disciplinae
1383 404 1469 470 viam
1491 406 1560 472 sine
1584 429 1684 493 argu-

416 519 597 581 mentorum
625 515 831 598 obscuritate,
861 514 931 578 sine
957 513 1186 598 probationum
1206 512 1543 599 improbationumque
1573 515 1683 602 longis

418 623 608 710 ambagibus
635 623 800 708 percipere
830 621 1005 706 desiderat,
1038 621 1186 688 libellum
1218 626 1364 686 nostrum
1397 622 1550 705 musices,
1585 646 1683 708 quem

416 731 692 796 introductoriam
712 753 769 796 seu
784 731 990 815 rsa909a0a¹
1010 729 1252 814 appellavimuS,
1268 729 1418 814 inquirat.
1456 729 1528 796 Illic
1544 731 1681 814 abunde,

416 836 559 903 breviter
593 830 640 903 et*
664 837 803 904 dilucide
839 838 887 903 rei
922 860 1080 903 summam
1114 836 1270 903 invenies.
1330 837 1373 902 Iu
1406 861 1478 903 cum
1512 863 1564 923 ea,
1599 863 1682 925 quae

415 945 482 1010 illic
504 945 640 1029 videbis,
666 946 794 1011 firmare
815 945 995 1016 rationibus
1018 951 1051 1011 et
1074 945 1170 1010 altius
1191 941 1312 1010 intueri
1333 945 1431 1029 voles,
1457 947 1498 1012 ad
1520 969 1600 1032 opus
1619 947 1682 1015 hoc

416 1053 602 1137 reverteris,
632 1055 718 1140 quod
745 1059 794 1119 est
817 1054 909 1138 quasi
937 1077 994 1119 arx
1019 1053 1107 1118 illius
1136 1077 1174 1119 ac
1198 1054 1484 1140 propugnaculum.
1541 1055 1590 1120 Ex
1616 1057 1682 1122 isto

417 1161 456 1226 ad
491 1161 717 1227 declarandum
749 1161 1049 1247 defendendumque
1080 1161 1162 1227 illud
1201 1166 1382 1246 opportuna
1413 1162 1555 1251 deligere
1588 1169 1682 1247 potes

414 1269 629 1335 instrumenta
660 1271 701 1336 ab
732 1270 801 1336 aliis
829 1271 931 1358 igitur
960 1267 1143 1357 excogitata
1173 1273 1205 1335 et
1234 1270 1391 1355 quaedam
1419 1292 1478 1354 per
1504 1293 1556 1337 me
1579 1295 1683 1357 nuper

416 1377 549 1442 inventa
583 1383 725 1445 scrutare
762 1379 943 1466 diligenter.
1003 1378 1079 1443 Non
1114 1400 1228 1462 parum
1267 1377 1352 1442 enim
1383 1377 1418 1443 in
1451 1375 1502 1442 his
1535 1379 1683 1466 legendis

416 1486 565 1552 utilitatis
594 1487 833 1572 voluptatisque
859 1491 1068 1571 percepturus
1101 1509 1135 1552 es
1166 1489 1199 1550 et
1225 1485 1402 1550 immortali
1431 1486 1491 1552 deo
1522 1487 1683 1552 bonorum

416 1583 558 1659 omnium
588 1595 750 1682 largitori,
787 1595 842 1680 qui
875 1617 986 1660 omnes
1011 1594 1166 1659 liberales
1195 1598 1281 1659 artes
1313 1594 1354 1658 ad
1380 1593 1548 1659 hominum
1575 1595 1683 1680 perfe-

416 1701 556 1768 ctionem
579 1703 890 1788 delectationemque
906 1703 1058 1784 condidit,
1082 1707 1119 1766 ut
1136 1703 1291 1786 praedixi,
1315 1700 1437 1788 gratias
1453 1724 1539 1788 ages,
1551 1707 1553 1710 ’
1565 1703 1616 1768 cui
1632 1709 1683 1768 est

416 1810 521 1895 gloria
543 1832 601 1894 per
622 1811 749 1876 infinita
772 1811 952 1876 seculorum
975 1810 1091 1893 secula,
1123 1832 1227 1874 amen.
1280 1809 1430 1894 (Explicit
1458 1811 1580 1876 musica
1609 1834 1684 1896 pra-

417 1917 500 1982 ctica
525 1918 766 1984 Bartolomei
792 1919 900 1984 Romi
928 1919 972 1984 de
1000 1909 1138 1982 Pareia
1159 1917 1296 2002 Hispani
1319 1941 1359 1984 ex
1380 1918 1493 1983 Betica
1514 1919 1682 2003 provincia

417 2026 449 2088 et
478 2024 608 2091 civitate
635 2028 760 2092 Baecza
788 2025 915 2091 Gienna
943 2025 1083 2091 dioecesi
1113 2025 1167 2090 vel
1196 2026 1380 2112 suffragana
1408 2026 1550 2110 oriundi,
1579 2027 1682 2092 almae

410 2133 505 2217 urbis
530 2134 712 2219 Bononiae,
742 2135 817 2199 dum
846 2157 917 2199 eam
943 2134 1065 2200 ibidem
1092 2133 1221 2218 publice
1248 2133 1381 2220 legeret,
1413 2135 1571 2218 impressa
1599 2157 1682 2200 anno

416 2241 549 2306 Domini
581 2243 754 2307 millesimo
789 2240 1106 2328 quadringentesimo
1140 2241 1358 2327 octogesimo²
1392 2241 1533 2308 secundo
1568 2248 1681 2327 quarto

414 2349 487 2414 idus
509 2350 628 2432 Muto

502 2453 644 2541 Explicit
665 2457 805 2523 feliciter
826 2458 930 2542 prima
951 2479 1026 2541 pars
1048 2457 1190 2522 musicae
1214 2457 1338 2547 egregii
1367 2459 1400 2523 ct
1425 2457 1543 2524 famosi
1569 2458 1682 2523 musici

415 2565 681 2632 Bartholomei
692 2566 812 2630 Parca
823 2565 969 2649 Hispani,
980 2565 1055 2629 dum
1066 2564 1195 2649 publice
1207 2566 1363 2630 musicam
1369 2566 1536 2631 Bononiae
1548 2566 1681 2652 legeret,

416 2675 451 2738 in
474 2697 537 2758 qua
559 2678 629 2739 tota
651 2673 793 2758 practica
816 2676 983 2738 cantorum
1003 2677 1228 2757 pertractatur,
1251 2673 1408 2757 impressa
1426 2693 1503 2738 vero
1527 2694 1624 2756 opere
1650 2673 1683 2738 et

416 2782 576 2846 industria
604 2803 641 2846 ac
665 2781 813 2864 expensis
834 2781 983 2867 magistri
1004 2779 1182 2845 Baltasaris
1205 2780 1244 2844 de
1264 2781 1428 2846 Hiriberia
1451 2801 1535 2844 anno
1560 2780 1682 2844 domini

418 2887 502 2952 1482
525 2889 576 2952 die
599 2887 641 2952 5⁰
662 2888 780 2954 Juniii.

505 3066 515 3102 1
533 3058 689 3133 Spataro
712 3063 811 3119 citiert
832 3063 863 3118 in
886 3063 982 3118 seiner
998 3063 1127 3132 Desarsio
1145 3063 1178 3116 aa
1196 3063 1309 3118 Nicolai
1324 3063 1421 3119 Burtic'
1436 3065 1599 3120 Parmensis
1616 3084 1681 3136 opa-

416 3151 523 3204 sculum
542 3151 641 3221 obiges
655 3149 744 3205 Werk
761 3150 804 3206 als
817 3149 1027 3220 dumnuqoac'co
1040 3167 1055 3203 o
1067 3149 1262 3204 imroductoreo
1274 3150 1335 3204 und
1346 3149 1441 3206 bietet
1452 3168 1502 3206 aus
1517 3152 1682 3207 demselben

417 3237 482 3292 eine
501 3237 589 3307 Figur
608 3238 666 3305 dar,
685 3237 794 3293 welche
813 3254 855 3304 an
870 3237 926 3292 den
943 3235 1072 3291 SSilben
1086 3236 1133 3292 dio
1147 3235 1248 3302 Quart-
1261 3236 1321 3290 und
1334 3235 1604 3308 Quint-Gattungen
1619 3256 1683 3292 aum

417 3323 569 3379 Ausdrnck
585 3323 692 3392 bringt.
1015 3323 1140 3387 ,²A80
1158 3321 1415 3391 quatrigentesimo
1435 3325 1637 3394 octuagesimo.
1673 3311 1675 3316 ¹

503 3411 516 3450 3
533 3409 585 3464 Die
603 3409 635 3464 in
652 3409 819 3464 Klammern
832 3409 1056 3480 geschlossenen
1069 3408 1169 3463 Worte
1181 3408 1282 3464 bilden
1296 3409 1351 3464 den
1365 3408 1472 3464 Schlnss
1483 3426 1539 3465 von
1552 3411 1630 3477 A80;
1650 3427 1681 3465 es

417 3497 515 3565 tolgan
529 3495 576 3550 die
589 3494 787 3550 Schlussworto
801 3497 851 3551 des
864 3495 1033 3550 definitiven
1042 3495 1170 3549 Druokes
1181 3495 1214 3561 (A
1223 3494 1265 3560 81)
1278 3495 1333 3549 mit
1342 3495 1462 3565 Angabe
1473 3495 1522 3550 des
1532 3495 1682 3551 Druckers.

503 3584 515 3621 ⁴
532 3582 628 3637 Daran
646 3581 772 3638 schliesst
789 3581 851 3636 sich
864 3583 914 3636 das
928 3583 1095 3651 Regionum
1116 3580 1163 3636 die
1181 3580 1212 3636 in
1225 3581 1390 3640 Klammarn
1402 3583 1564 3638 stehenden
1576 3583 1683 3638 Zahlen

418 3668 484 3724 sind
492 3686 550 3724 von
560 3668 892 3738 mirhinzugesetztund
902 3670 1009 3724 deuten
1019 3668 1071 3722 auf
1081 3668 1127 3722 dia
1141 3667 1241 3724 Seiten
1253 3669 1303 3724 des
1316 3668 1561 3738 Originaldrucks,
1574 3670 1682 3725 welche

417 3757 471 3810 mit
495 3756 550 3811 den
573 3755 773 3810 betreffenden
792 3755 927 3810 Wtrtern
951 3755 1105 3826 beginnen.
1145 3755 1202 3810 Das
1227 3758 1303 3810 erste
1322 3755 1398 3810 leere
1420 3755 1501 3810 Blatt
1523 3755 1563 3810 ist
1585 3756 1617 3810 in
1636 3756 1682 3811 die

417 3843 546 3912 Zthlung
564 3842 647 3897 nicht
663 3841 860 3912 einbegriffen.

672 3915 674 3920 ’
948 3911 1154 3982 Registrum.

503 3997 631 4052 Primum
648 3999 744 4064 vacat;
764 3997 858 4053 Boetii
877 3997 1000 4053 musices
1020 3999 1064 4066 (lp
1084 3998 1180 4052 Finito
1199 3998 1244 4064 (353
1269 3998 1370 4052 Manus
1391 3999 1452 4064 (11];
1476 3996 1600 4068 Rogerio
1620 3998 1682 4066 (13);

417 4084 591 4154 gravitatem
609 4084 671 4151 (15);
696 4087 727 4138 et
745 4083 859 4151 quando
878 4084 939 4150 (23);
964 4087 1017 4138 est.
1039 4086 1106 4153 lpse
1126 4085 1187 4151 (25);
1213 4083 1387 4139 mutationes
1407 4083 1469 4151 (27);
1493 4084 1602 4138 habent
1620 4084 1681 4150 (29);

417 4170 612 4239 quantitatem
625 4170 686 4237 (39);
710 4173 848 4240 paranete
862 4169 924 4237 (41];
947 4170 1039 4240 figura
1052 4171 1114 4237 (47);
1140 4170 1272 4224 Secunda
1290 4187 1355 4240 pars
1370 4171 1433 4237 (51);
1458 4169 1604 4226 volumine
1618 4170 1680 4237 (53);

417 4261 516 4312 tenore
531 4257 591 4323 (55);
611 4256 708 4311 Tertia
725 4273 791 4326 pars
806 4255 867 4322 (63);
887 4259 932 4311 est
950 4255 1117 4311 semibrevis
1132 4256 1192 4323 (65);
1215 4259 1341 4325 ponatur
1354 4255 1415 4322 (67);
1439 4255 1606 4326 Capitulum
1619 4256 1680 4322 (75);

417 4343 556 4399 maximus
570 4344 630 4410 (77);
649 4343 810 4413 repperisse
825 4342 881 4409 (83).
