3734 5572
694 333 910 400 ..85...

169 507 361 592 Appellatur
385 513 417 573 et
438 529 541 592 pausa
562 506 745 593 generalis„
760 508 886 592 quando
903 507 1100 594 generaliter
1115 530 1226 578 omnes
1243 509 1435 581 adveniente
1457 485 1460 500 Ι

166 616 215 681 ita
238 621 334 681 cantu
356 637 421 681 non
443 615 617 682 terminato
641 614 818 699 quiescunt.
864 615 1058 699 Appellatur
1079 638 1206 701 quoque
1222 615 1338 699 finalis,
1355 637 1435 700 quo-

167 725 256 789 niam
279 746 406 808 semper
428 723 463 790 in
484 723 547 788 fine
564 727 677 788 cantus
692 725 832 806 ponitur.
871 722 966 800 Quod
981 725 1009 789 si
1023 747 1125 808 pausa
1139 724 1247 790 brevis
1263 724 1435 807 dividatur,
1536 759 1546 772 κ

167 833 340 916 medietas,
369 855 451 916 quae
481 832 612 898 alinea
642 832 762 916 pendet
793 833 964 916 superiori,
997 837 1046 898 est
1075 832 1278 912 semibrevis3
1310 831 1436 915 sipara

167 963 255 1024 vero,
280 962 361 1025 quae
385 941 427 1005 ab
449 939 596 1005 inferiori
620 939 763 1025 erigitur,
787 962 890 1023 pausa
911 940 1063 1005 minimae
1086 945 1297 1024 nuncupatur.
1343 937 1434 1016 Quae

171 1049 198 1113 si
229 1049 270 1114 ad
303 1053 399 1132 caput
432 1048 476 1112 sit
508 1047 570 1115 hoc
598 1047 695 1113 modo
717 1049 740 1104 C
766 1052 898 1130 retorta,
933 1070 1034 1132 pausa
1069 1048 1302 1116 semiminimae
1331 1048 1436 1113 nomi·

167 1157 271 1221 natur.
311 1155 456 1221 Aliarum
472 1177 548 1220 vero
563 1155 777 1232 fractionum1
801 1159 873 1238 (pag.
889 1160 932 1238 69)
961 1157 1002 1222 ob
1024 1157 1159 1221 nimiam
1175 1157 1226 1220 sui
1239 1155 1433 1248 brevitatem

168 1287 271 1348 pausa
285 1286 350 1329 non
366 1265 534 1347 reperitur.
581 1262 700 1328 Verum
717 1264 847 1348 quidam
861 1267 897 1332 ut
918 1264 938 1330 J
944 1263 1111 1330 ohannes
1134 1263 1286 1346 Urede²‚
1307 1263 1437 1329 carissi-

46 1425 57 1438 .
167 1377 259 1436 mus3
280 1375 392 1437 noster
413 1371 499 1457 regis
524 1371 699 1454 Hispaniae
723 1371 866 1455 capellae
895 1373 1060 1457 magister,
1087 1393 1204 1455 pausas
1231 1372 1340 1456 posuit
1362 1392 1433 1438 cur·

171 1502 247 1545 scae
263 1479 324 1544 hoo
338 1481 436 1545 modo
462 1479 658 1563 perscriptas
682 1477 880 1545 brandanus
895 1479 930 1543 in
945 1479 1017 1562 hoc,
1046 1480 1132 1564 quod
1158 1479 1280 1545 notulis
1299 1479 1432 1561 accidit.

167 1587 392 1652 Semiminima
415 1588 510 1671 enim,
532 1588 561 1651 si
581 1591 679 1670 caput
693 1586 794 1652 habet
808 1590 967 1653 retortum
984 1586 1121 1652 efficitur
1136 1608 1257 1669 cursea,
1275 1585 1433 1668 medietas

167 1697 291 1761 scilicet
313 1697 523 1760 minimae⁴*.
570 1694 664 1772 Quod
688 1694 716 1760 si
739 1717 851 1760 cursea
874 1694 1046 1778 dupliciter
1068 1694 1111 1760 sit
1133 1699 1270 1777 retorta,
1295 1694 1434 1760 efficitur

165 1804 313 1878 minarea¹
332 1801 365 1886 lt,
400 1799 557 1868 medietas
592 1802 716 1868 scilicet
750 1824 890 1868 curseae.
937 1801 991 1878 Sic
1020 1802 1120 1888 igitur
1150 1803 1189 1868 de
1220 1825 1323 1886 pausa
1354 1801 1434 1866 fien-

166 1913 242 1986 dum
251 1933 262 1986 :¹
289 1911 373 1997 quia,
402 1912 430 1975 si
452 1933 554 1994 pausa
576 1911 729 1976 minimae
753 1910 793 1974 ad
824 1915 920 1994 caput
944 1911 989 1974 'sit
1015 1915 1146 1989 retorta,
1176 1910 1313 1976 efficitur
1340 1911 1436 1975 semi·

165 2021 317 2084 minimae
328 2025 349 2101 ⁵,
375 2040 453 2104 ergo
476 2020 504 2082 si
526 2017 577 2082 bis
600 2018 642 2082 sit
664 2021 800 2101 retorta,
826 2039 967 2082 ourseac.
1012 2017 1081 2082 Nos
1104 2022 1213 2082 autem
1234 2018 1315 2082 illud
1337 2040 1433 2100 posse

165 2126 236 2210 fieri
257 2149 329 2192 non
346 2147 511 2212 negamus,
538 2126 613 2210 quia
635 2126 761 2190 ratione
784 2124 955 2189 fundatum
981 2129 1050 2189 arte
1080 2126 1297 2211 cognovimus,
1322 2147 1433 2189 verum

165 2257 230 2299 non
259 2234 408 2299 debuisse
437 2232 507 2297 fieri
538 2233 766 2315 conclusimus,
798 2233 886 2317 quia,
920 2255 993 2297 oum
1019 2231 1132 2298 notula
1162 2231 1219 2296 illa
1247 2236 1358 2297 tantae
1391 2233 1433 2297 sit

165 2341 319 2422 levitatis,
344 2341 475 2426 quaevis
497 2345 606 2424 potest
628 2341 663 2407 in
686 2346 782 2405 cantu
805 2339 1050 2425 comprehendi,
1076 2340 1237 2424 quomodo
1260 2341 1295 2403 in
1316 2361 1433 2424 pausa-

164 2449 254 2515 tione
275 2449 407 2534 spiritus
429 2449 462 2513 in
487 2471 525 2514 ea
548 2450 701 2533 quiescet.
747 2449 821 2515 Non
851 2471 928 2535 argo
955 2448 1036 2514 illud
1064 2469 1133 2514 esse
1156 2447 1298 2513 fiendum
1319 2469 1433 2513 conoe·

166 2557 279 2639 dimus,
305 2558 361 2621 sed
385 2557 570 2621 evitandum
592 2561 661 2622 fore
684 2557 902 2644 proponimus.
959 2642 962 2647 ἱ

251 2665 310 2728 His
335 2686 411 2750 ergo
434 2665 544 2748 pausis
568 2664 613 2729 sic
637 2664 774 2750 cognitis
797 2665 892 2729 facile
915 2665 1150 2749 perfectionem
1167 2669 1199 2730 et
1212 2663 1432 2749 imperfectio·

164 2795 240 2837 nem
262 2773 297 2837 in
312 2771 384 2837 aliis
408 2773 577 2856 speciebus
600 2773 833 2858 cognoscimus.
880 2771 961 2837 Oum
986 2774 1070 2838 enim
1093 2778 1159 2839 tres
1182 2795 1299 2857 pausas
1314 2759 1432 2858 longae

164 2880 288 2964 positas
311 2878 408 2945 simul
431 2886 485 2947 aut
507 2903 572 2946 nna
594 2881 807 2964 praecedente
832 2881 911 2945 alias
936 2882 1015 2948 duas
1028 2865 1134 2946 simul
1156 2871 1208 2946 uel
1231 2903 1342 2948 omnes
1365 2885 1432 2944 tres

165 2989 288 3054 solutas
310 2989 345 3053 in
369 2988 476 3074 aliquo
500 2994 597 3053 cantu
618 2989 863 3072 inspexerimus
886 2989 1000 3072 procul
1016 2990 1113 3053 dubio
1129 2990 1286 3054 maiorem
1300 2989 1431 3053 modum

168 3101 201 3161 et
224 3096 338 3162 exinde
361 3098 534 3161 maximam
555 3096 670 3181 longas
693 3102 759 3162 tres
782 3097 890 3161 ualere
913 3097 965 3161 via
982 3096 1060 3161 artis
1075 3096 1298 3180 intelligimus.
1331 3094 1432 3172 ,Quod

166 3205 194 3284 si
216 3206 312 3270 binae
335 3208 497 3289 ponantur
519 3209 552 3268 et
574 3204 680 3284 binae,
707 3204 932 3288 imperfectum
949 3226 1019 3269 esse
1034 3205 1274 3269 iudicamus**.
1312 3203 1432 3268 Verum

165 3314 193 3376 si
223 3314 335 3377 eadem
361 3333 462 3394 pausa
489 3312 607 3396 longae
635 3313 698 3376 tria
722 3319 857 3396 occupet
879 3313 992 3397 spatia,
1017 3312 1175 3380 minorem
1196 3310 1376 3398 perfectum
1401 3317 1433 3376 et

166 3443 206 3484 ex
228 3420 289 3485 hoc
310 3420 442 3505 longam
474 3423 548 3484 tres,
573 3420 688 3484 breves
716 3419 823 3484 valere
848 3425 916 3485 arte
939 3420 1177 3507 cognoscimus;
1206 3419 1432 3504 imperfectum

252 3614 463 3669 ¹frautionum.
534 3619 536 3622 '

251 3702 262 3738 '2
280 3699 427 3771 Spataro
446 3702 537 3753 neunt
554 3699 607 3752 ihn
624 3699 655 3753 in
674 3699 783 3754 seinem
799 3700 920 3753 Tractare
933 3701 964 3753 di
973 3700 1082 3754 musica
1101 3716 1162 3768 cap.
1173 3699 1206 3752 17
1220 3699 1279 3752 und
1296 3699 1329 3751 31
1347 3698 1432 3754 Zoani

165 3786 324 3854 (Giovanni)
342 3787 373 3841 di
385 3786 506 3842 Ubrede.
537 3785 612 3841 Van
622 3787 857 3841 deretraeten
876 3785 998 3840 arkennt
1010 3786 1042 3840 in
1053 3784 1113 3839 ihm
1126 3785 1211 3841 einen
1224 3783 1433 3841 Niederlander

165 3874 225 3927 und
247 3874 328 3928 ffihrt
351 3874 403 3928 ihn
425 3873 457 3926 in
482 3872 577 3927 seiner
598 3872 725 3941 Masiqae
747 3891 803 3926 aaa
819 3873 964 3942 Papa-Bac
987 3871 1036 3940 VI,
1055 3872 1106 3924 464
1124 3871 1258 3927 Anmerk.
1277 3871 1293 3924 2
1315 3871 1367 3944 auf
1388 3871 1431 3945 als

164 3962 205 4016 Io.
218 3960 341 4015 Wreede
358 3960 477 4029 brugen.
507 3959 572 4014 Von
593 3959 692 4012 seinen
704 3958 891 4028 praktisahen
903 3957 1029 4011 Wcrken
1042 3957 1082 4011 ist
1099 3957 1130 4011 in
1148 3958 1243 4024 Rom,
1263 3957 1369 4012 Archiv
1382 3958 1433 4012 der

166 4046 283 4114 Capella
296 4046 406 4100 Sistina
417 4045 468 4099 Me.
481 4047 514 4098 14
533 4045 581 4100 ein
594 4045 680 4114 Karia
694 4045 754 4099 und
771 4044 866 4098 Gloria
880 4045 939 4098 und
952 4044 983 4097 in
1001 4044 1169 4113 Perugia,
1189 4043 1262 4098 Bibl.
1275 4043 1431 4099 Comunale

164 4131 216 4186 Ma.
235 4132 265 4185 G.
278 4131 318 4184 20
336 4131 400 4185 eine
420 4131 628 4200 dreistimmige
648 4130 845 4200 composition
865 4130 984 4199 Nouoque
994 4130 1027 4198 fa
1038 4149 1051 4183 c
1062 4148 1136 4199 pecc
1147 4129 1240 4184 maior
1258 4130 1396 4185 erhalten.

250 4221 262 4258 3
279 4217 438 4273 krissimus.
593 4220 606 4255 ⁴
623 4218 686 4287 Vgl.
706 4217 732 4271 S.
746 4217 788 4270 87.
944 4221 956 4256 5
976 4216 1103 4270 minima.

251 4304 341 4358 *Nos
361 4306 458 4358 autem
475 4304 609 4375 ponimus
634 4321 755 4374 pausam
778 4304 945 4358 seminimae
969 4303 1011 4356 sio
1030 4305 1104 4370 M,
1124 4305 1157 4357 ut
1175 4319 1272 4358 omncs
1292 4302 1430 4370 sentiunt,

165 4391 373 4448 semiminimae
391 4407 459 4447 vero
478 4391 519 4446 sic
538 4392 610 4453 Μ.
1219 4403 1222 4406 ·

251 4478 283 4513 **
302 4477 377 4543 Quid
391 4477 545 4533 dicendum
557 4480 592 4533 de
605 4479 708 4533 notula
724 4477 821 4547 longa,
842 4477 866 4531 'si
884 4494 938 4531 nec
956 4477 1044 4530 trium
1063 4476 1222 4547 spatiorum
1240 4492 1293 4530 nec
1311 4477 1432 4531 duorum

165 4599 298 4669 apposita
316 4579 404 4652 fuerit
421 4616 511 4666 pausa
529 4602 562 4652 ut
579 4599 637 4654 hio:
655 4563 1286 4690 Qffiff?
