3742 5528
647 1191 960 1322 Prologus,

165 1449 332 1585 Bonan
372 1448 511 1513 musices
553 1447 722 1532 disciplina
763 1448 904 1532 quinque
943 1445 1161 1512 voluminibus
1202 1446 1434 1531 comprehensa

204 1581 208 1594 ¹
234 1558 387 1642 quoniam
408 1555 670 1640 profundissimis
694 1553 916 1621 arithmeticae
939 1553 1228 1639 philosophiaeque
1244 1554 1435 1619 fundamen-

166 1666 208 1730 tis
231 1664 381 1730 innit‘tur
402 1685 463 1730 nec
485 1663 606 1748 passim
630 1664 671 1728 ab
695 1663 843 1728 omnibus
865 1661 1006 1749 intelligi
1027 1665 1149 1746 potest,
1180 1661 1263 1726 solet
1290 1685 1308 1726 a
1338 1661 1435 1726 semi-

167 1773 270 1838 doctis
299 1772 404 1838 nostri
432 1773 588 1856 temporis
619 1772 804 1836 cantoribus
835 1793 898 1854 quo
928 1771 1095 1837 obscurior
1128 1774 1177 1835 est
1211 1793 1249 1836 eo
1283 1770 1433 1854 sterilior,

168 1881 270 1947 doctis
297 1903 374 1946 vero
405 1884 437 1945 et
464 1879 560 1945 altius
589 1880 791 1945 intuentibus
822 1900 884 1963 quo
914 1879 1063 1944 subtilior
1094 1878 1357 1963 probabiliorque
1387 1882 1437 1943 est

169 2011 206 2055 eo
228 1989 352 2053 firmior
373 1988 552 2072 meliorque
574 1988 690 2070 videri,
722 2009 785 2070 quo
808 1986 857 2069 fit,
882 1990 931 2068 ut,
956 1987 1039 2050 sicut
1062 1987 1102 2051 ab
1125 1987 1263 2052 indoctis
1286 1987 1436 2072 neglecta

168 2119 295 2182 semper
317 2095 416 2160 fuerit
440 2101 472 2159 et
494 2097 551 2178 sit,
581 2095 628 2159 ita
656 2095 740 2177 apud
769 2093 939 2179 peritiores
965 2095 1001 2158 in
1028 2115 1146 2179 magno
1174 2094 1280 2178 pretio
1308 2116 1436 2178 semper

167 2205 280 2269 habita
303 2205 346 2267 sit
369 2208 401 2268 et
423 2184 590 2268 habeatur.

254 2310 348 2376 Unde
365 2331 433 2393 nos,
458 2311 513 2394 qui
536 2310 685 2375 omnibus
708 2310 861 2395 prodesse
886 2314 918 2374 et
941 2309 1063 2394 aliquid
1082 2309 1116 2373 in
1132 2330 1334 2374 communem
1350 2308 1438 2374 utili-

168 2423 270 2484 tatem
285 2418 432 2484 couferre
448 2419 622 2500 studemus,
636 2417 699 2484 hoc
714 2417 806 2483 brevi
821 2417 1011 2502 compendio
1027 2418 1131 2483 tribus
1146 2417 1268 2483 libellis
1285 2418 1437 2483 distincto

168 2527 388 2612 prolixitatem
413 2527 481 2591 eius
503 2525 538 2590 in
561 2531 742 2612 angustum,
768 2526 977 2610 asperitatem
992 2527 1026 2590 in
1041 2526 1182 2611 planum,
1208 2526 1439 2591 obscuritatem

168 2638 203 2700 in
225 2634 330 2700 lucem
352 2635 544 2699 reducentes
566 2633 711 2718 nihilque
733 2634 818 2718 quod
834 2634 874 2698 ad
890 2637 991 2698 artem
1008 2655 1165 2717 usumque
1181 2633 1281 2698 faciat
1295 2637 1439 2719 praeter-

170 2745 337 2808 mittentes
361 2748 393 2807 et
416 2742 601 2807 cantoribus
632 2763 711 2826 quos
733 2742 893 2827 practicos
918 2745 950 2806 et
973 2741 1213 2825 speculantibus
1244 2764 1324 2826 quos
1347 2741 1439 2807 theo·

170 2852 255 2916 ricos
285 2872 401 2936 graece
433 2850 568 2915 dicimus
600 2871 679 2933 opus
709 2850 882 2915 admodum
910 2849 989 2914 utile
1021 2850 1270 2932 construximus,
1304 2873 1343 2915 ex
1365 2872 1438 2934 quo,

171 2959 227 3024 ubi
255 2959 288 3023 id
310 2959 451 3044 legerint
472 2957 774 3041 intellexerintque,
800 2956 974 3041 plurimum
998 2963 1030 3022 et
1052 2956 1185 3022 honoris
1209 2963 1241 3022 et
1264 2957 1439 3042 voluptatis

172 3089 206 3131 se
237 3070 464 3132 consecuturos
499 3087 569 3130 esse
603 3064 801 3149 perspicient
833 3063 1084 3149 fatebunturque
1117 3063 1178 3129 hac
1211 3068 1324 3130 nostra
1356 3087 1440 3129 nova

172 3173 428 3259 speciosissimae
463 3173 541 3237 artis
574 3171 679 3237 forma
716 3171 849 3236 mirifice
884 3171 1036 3236 delectati
1070 3193 1129 3237 nos
1164 3172 1204 3236 ad
1238 3193 1439 3237 communem

173 3280 316 3346 omnium
339 3279 552 3345 eruditionem
574 3281 738 3362 praesenti
761 3278 823 3344 hoc
838 3279 949 3345 labore
968 3279 1142 3363 plurimum
1166 3280 1342 3346 adiumenti
1366 3302 1441 3345 con-

173 3390 294 3454 tulisse.

258 3497 341 3561 Hinc
372 3496 463 3580 quasi
492 3518 530 3560 ex
561 3495 700 3580 quodam
726 3494 919 3560 redundanti
948 3495 1142 3579 publicoque
1169 3495 1259 3560 fonte
1289 3495 1440 3580 quicquid

174 3625 234 3689 ego
264 3605 363 3690 longo
394 3608 541 3687 tempore
569 3603 681 3668 multis
711 3603 832 3689 vigiliis
862 3609 895 3668 et
924 3603 1061 3668 assiduis
1090 3603 1369 3669 lucubrationibus
1403 3626 1442 3668 ex

173 3712 475 3795 probatissimorum
498 3715 664 3776 auctorum
686 3710 825 3776 lectione
858 3716 890 3775 et
919 3710 1170 3776 clarissimorum
1195 3716 1442 3796 praeceptorum

175 3819 344 3902 disciplina
373 3819 525 3905 colligere
553 3819 659 3903 potui,
693 3841 849 3904 perquam
883 3819 1050 3884 celerrimo
1084 3818 1304 3903 facillimoque
1334 3819 1441 3884 studio

174 3925 287 3991 licebit
308 3927 437 3991 haurire
462 3931 494 3992 et
518 3927 558 3991 ad
581 3948 740 3991 summum
763 3927 905 3992 musicae
929 3928 1055 3992 culmen
1082 3926 1301 4012 placidissimo
1328 3949 1443 4014 gressu

175 4034 353 4118 pervenire.
1027 4100 1036 4115 ,

261 4141 365 4206 Nemo
377 4139 601 4226 philosophiae
613 4144 828 4226 maiestatem,
840 4165 936 4208 nemo
949 4142 1171 4208 arithmeticae
1182 4142 1441 4229 perplexitatem,

128 4233 134 4242 ¹
175 4270 270 4315 nemo
300 4250 544 4332 proportionum
578 4251 730 4316 formidet
764 4250 937 4316 anfractus.
990 4252 1051 4316 Hic
1083 4251 1168 4316 enim
1200 4251 1350 4336 quilibet,
1382 4251 1443 4316 etsi

176 4378 405 4442 usquequaque
425 4357 588 4441 aitrudis,
612 4359 708 4423 modo
732 4358 921 4443 disciplinae
946 4360 1187 4424 accommodare
1203 4359 1283 4424 velit
1298 4359 1444 4425 auditum

178 4470 210 4530 et
231 4464 366 4530 rationis
385 4465 514 4530 omnino
530 4487 594 4530 non
610 4466 653 4530 sit
669 4488 791 4551 expers,
816 4468 850 4531 in
864 4468 1179 4552 praestantissimum
1196 4469 1444 4552 peritissimum-

178 4596 238 4657 que
267 4573 425 4640 musicum
453 4578 562 4657 potest
593 4575 737 4639 evadere.
789 4575 900 4660 Usque
932 4576 1012 4641 adeo
1042 4599 1180 4661 namque
1206 4577 1444 4663 intelligentiae

228 4693 329 4735 Beihefte
344 4694 382 4735 der
395 4693 454 4736 mu.
474 4693 502 4734 11.
1228 4697 1240 4746 1
