3742 5528
929 322 1145 386 ...32-

408 494 634 559 ascendentem
657 496 802 579 accipere
825 516 884 560 nos
906 495 1098 580 percipiunt,
1122 499 1168 578 ut,
1197 495 1225 564 si
1247 517 1357 560 sumus
1378 495 1414 560 in
1435 518 1523 561 mese
1547 517 1620 562 cum
1641 498 1675 560 lu

408 606 441 667 et
467 606 580 667 cantus
607 603 691 687 petit
716 602 789 668 loca
816 603 945 686 altiora,
975 603 1066 669 iuxta
1091 603 1228 670 istorum
1252 604 1432 669 doctrinam
1454 606 1486 668 tu
1508 603 1675 669 dimittere

407 714 440 774 et
466 731 500 774 νε
527 716 583 775 aut
609 712 659 775 mi
680 712 834 776 debemus
864 733 1027 777 assumere
1056 716 1089 777 et
1115 716 1192 777 tunc
1221 734 1294 777 cum
1319 733 1354 776 νε
1381 716 1438 777 aut
1460 734 1532 777 cum
1558 713 1608 776 mi
1632 711 1675 776 ad

407 817 523 883 altiora
550 818 623 885 loca
644 818 773 885 facilius
799 819 977 905 poterimus
999 820 1178 905 pervenire.
1225 820 1279 886 Sic
1310 825 1437 886 etcum
1462 820 1497 886 in
1518 824 1681 904 paranete

406 947 637 1010 synemmenon
660 926 713 991 vel
734 929 811 992 trite
829 929 1083 1014 diezeugmenon
1107 928 1263 993 fuerimus
1287 950 1359 993 cum
1381 934 1421 993 ut
1442 932 1475 994 et
1497 931 1609 994 cantus
1633 927 1675 992 ad

404 1033 471 1098 ima
493 1034 680 1119 perlabitur,
696 1041 750 1100 cet
775 1036 937 1101 dimittere
966 1040 999 1101 et
1026 1038 1073 1102 sol
1099 1037 1151 1101 vel
1178 1038 1216 1120 fc
1237 1037 1352 1102 iubent
1382 1037 1535 1121 accipere,
1568 1042 1601 1101 et
1626 1037 1673 1100 sic

406 1163 479 1208 cum
501 1142 539 1226 fa
561 1143 612 1208 vel
634 1145 681 1208 sol
702 1145 861 1209 cantando
891 1145 1085 1209 descendere
1111 1147 1299 1229 poterimus.
1344 1145 1387 1210 'nt
1414 1137 1557 1229 honest,
1588 1143 1674 1229 quod

404 1248 467 1332 ipsi
501 1251 714 1316 mutationem
750 1252 915 1337 appellant
948 1250 1105 1318 dicentes:
1145 1253 1282 1318 mutatio
1317 1257 1366 1318 est
1399 1253 1494 1317 unius
1522 1252 1610 1317 vocis
1639 1255 1673 1315 in

407 1357 503 1422 aliam
526 1359 690 1424 variati0¹.
737 1359 802 1424 Alii
826 1365 934 1425 autem
957 1361 1003 1425 sic
1026 1360 1203 1426 diffiniunt:
1228 1362 1365 1427 mutatio
1389 1366 1439 1428 est
1461 1361 1596 1426 duarum
1617 1381 1673 1425 vo-

406 1487 478 1530 cum
501 1466 684 1551 aequalium
706 1469 792 1532 inter
819 1491 935 1553 seper
964 1470 1106 1534 diversas
1128 1471 1345 1554 proprietates
1373 1469 1408 1534 in
1430 1492 1495 1534 uno
1519 1470 1613 1556 signo
1641 1473 1673 1533 et

408 1596 470 1638 una
492 1595 570 1639 voce
594 1576 740 1640 variatio.

491 1683 691 1747 Permutatio
715 1687 824 1748 autem
847 1683 1018 1768 dupliciter
1039 1684 1089 1749 tit:
1121 1689 1176 1750 aut
1203 1689 1320 1749 causa²
1347 1685 1551 1750 necessitatis
1581 1707 1673 1754 soan-

406 1790 506 1853 sionis
534 1794 590 1854 aut
615 1790 815 1856 remissionis
843 1796 899 1856 aut
927 1813 1023 1856 causa
1048 1794 1270 1876 praeponendi
1296 1793 1552 1878 postponendive
1576 1791 1672 1856 semi-

405 1898 539 1961 tonium.
585 1897 674 1963 Haec
698 1903 806 1963 autem
829 1921 956 1983 semper
978 1901 1012 1964 in
1034 1901 1176 1983 vocibus,
1202 1923 1283 1985 quae
1308 1901 1451 1966 eiusdem
1474 1905 1549 1965 sunt
1572 1899 1674 1984 quali-

405 2005 497 2088 caris,
525 2005 596 2071 fieri
625 2007 863 2093 cognoscimus,
898 2007 960 2074 hoc
994 2014 1043 2074 est
1077 2010 1190 2074 ambae
1226 2010 1436 2073 ascendentes
1471 2012 1526 2073 aut
1560 2009 1674 2072 ambae

407 2114 647 2179 descendentes.
701 2115 763 2180 Illa
793 2121 902 2180 autem
930 2139 996 2181 nou
1019 2117 1077 2200 sic,
1109 2118 1166 2182 sed
1190 2140 1228 2182 ex
1251 2139 1315 2180 una
1338 2116 1530 2182 ascendente
1556 2119 1588 2179 et
1611 2114 1675 2178 alia
1709 2138 1719 2151 ·

406 2221 619 2287 descendente
644 2224 854 2308 componitur.
906 2224 978 2288 Erit
998 2224 1099 2310 igitur
1121 2225 1240 2308 triplex
1263 2208 1413 2289 mutatio:
1445 2246 1510 2288 una
1537 2223 1674 2288 totidem

404 2329 439 2392 in
455 2330 666 2412 ascendendo²
692 2331 764 2395 alia'
775 2331 912 2396 totidem
931 2333 966 2396 in
982 2333 1214 2416 descendendo,
1238 2333 1336 2397 tertia
1351 2353 1428 2397 vero
1448 2331 1535 2415 capit
1551 2337 1675 2397 utrum-

406 2459 477 2521 que.
525 2437 589 2503 Sed
613 2460 694 2522 quae
717 2438 853 2503 totidem
876 2440 910 2503 in
934 2440 1134 2505 ascendendo
1157 2439 1205 2522 fit,
1237 2463 1275 2504 ea
1299 2445 1348 2504 est
1372 2462 1453 2524 quae
1478 2441 1516 2504 de
1539 2441 1673 2505 vocibus

406 2546 653 2610 ascendentibus
677 2547 855 2629 composita
879 2551 937 2630 est,
961 2547 1009 2611 uti
1031 2547 1065 2610 in
1085 2569 1107 2632 p
1128 2550 1278 2612 eolre-ct
1296 2570 1330 2612 νε
1345 2553 1390 2630 ut,
1415 2553 1455 2612 ut
1466 2569 1508 2626 νε,
1532 2547 1566 2612 in
1589 2569 1610 2611 a
1628 2550 1674 2612 la

405 2655 501 2717 uei-rc
516 2657 587 2736 (pag.
602 2656 644 2738 26)
664 2656 713 2718 mc‘
733 2675 779 2736 νε,
809 2676 842 2718 νε
871 2656 920 2718 mc‘
942 2659 975 2718 et
995 2654 1029 2718 in
1053 2655 1119 2719 suis
1143 2656 1273 2720 octavis.
1318 2654 1416 2748 'Quae
1439 2677 1515 2720 vero
1538 2655 1674 2720 totidem

405 2761 438 2824 in
463 2762 686 2826 descendendo
709 2763 753 2845 fit,
780 2785 818 2826 ea
840 2764 991 2827 nimirum
1015 2768 1072 2840 est,
1098 2786 1180 2848 quae
1202 2787 1241 2828 ex
1256 2763 1389 2829 vocibus
1406 2763 1674 2828 descendentibus

406 2873 541 2952 constat,
567 2870 650 2935 sicut
671 2870 706 2934 in
728 2892 745 2934 c
765 2873 919 2954 eol-fu-ut
938 2874 984 2936 sol
1001 2872 1047 2956 fu,
1071 2872 1109 2956 fo
1123 2875 1176 2954 sol,
1201 2874 1235 2937 in
1257 2874 1280 2936 d
1302 2874 1442 2936 brectre
1461 2873 1493 2936 lu
1511 2873 1565 2949 sol,
1581 2873 1629 2935 sol
1642 2872 1675 2934 la

407 2981 439 3040 et
461 2978 495 3040 in
518 2977 583 3042 suis
605 2980 736 3043 octavis.
775 2979 889 3064 ltaque
914 2967 1041 3064 semper
1062 2980 1099 3044 fit
1120 2981 1206 3045 inter
1228 3002 1323 3045 voces
1345 3003 1404 3064 per
1426 2984 1539 3044 tonum
1562 3000 1675 3044 secun-

406 3084 481 3149 dum
505 3086 650 3150 ordinem
673 3087 839 3152 distantes.
893 3087 1075 3153 Secundum
1105 3089 1251 3152 ordinem
1281 3087 1365 3170 dico,
1397 3087 1485 3170 quia,
1514 3091 1551 3150 ut
1577 3107 1698 3170 suprav

407 3193 527 3258 dictum
550 3194 621 3276 fuit,
646 3196 730 3259 sicut
751 3201 789 3259 ut
812 3218 830 3259 a
852 3217 886 3259 νε
909 3197 1008 3261 distat
1029 3218 1087 3280 per
1108 3200 1235 3278 tonum,
1260 3195 1306 3260 sic
1330 3219 1349 3259 a
1370 3216 1404 3258 re
1426 3196 1482 3277 mi,
1505 3193 1554 3259 ita
1577 3195 1675 3258 etiam

404 3301 442 3385 fu
465 3323 484 3365 a
505 3304 551 3365 sol
574 3310 606 3365 et
627 3304 674 3366 sol
696 3326 714 3366 a
736 3305 776 3366 lo.
823 3302 888 3368 Sed
911 3305 1039 3388 quando
1062 3305 1199 3368 mutatio
1222 3303 1271 3386 fit,
1297 3304 1331 3367 in
1352 3303 1426 3368 loco
1449 3302 1577 3386 aequali
1600 3306 1675 3366 sunt
1708 3385 1712 3390 .
1791 3337 1795 3343 »

406 3407 591 3474 collocatae.

431 3510 433 3513 ⁵
491 3515 602 3581 Tertia
624 3539 701 3583 vero
724 3519 860 3584 mutatio
885 3519 1056 3603 dupliciter
1077 3519 1123 3603 fit,
1148 3522 1224 3604 quia
1247 3523 1303 3583 aut
1324 3519 1358 3582 in
1378 3518 1512 3583 vocibus
1536 3538 1618 3601 quae
1639 3515 1674 3578 in

406 3623 518 3688 ordine
541 3625 686 3708 positae³
707 3648 766 3710 per
789 3627 988 3692 diatessaron
1012 3632 1068 3692 aut
1090 3649 1148 3711 per
1171 3627 1321 3710 diapente
1346 3626 1474 3691 distant.
1521 3609 1585 3688 Per
1608 3623 1675 3687 dia-

405 3735 553 3797 tessaron
568 3732 671 3798 tribus
688 3734 791 3800 modis
807 3734 932 3800 scilicet
953 3736 991 3819 fo
1005 3741 1051 3817 ut,
1075 3741 1113 3799 ut
1127 3737 1173 3820 fo,
1197 3737 1299 3819 eolre,
1320 3756 1354 3798 νε
1368 3736 1422 3816 sol,
1447 3736 1478 3797 lu
1493 3734 1549 3817 mc',
1570 3733 1620 3794 νην
1633 3733 1672 3809 lo,

405 3862 463 3924 per
496 3840 647 3924 diapente
682 3846 790 3907 autem
825 3843 949 3909 duobus
983 3842 1106 3908 scilicet
1139 3845 1170 3908 la
1198 3865 1244 3926 νε,
1277 3864 1311 3906 νε
1337 3844 1380 3924 lu,
1413 3843 1458 3904 sol
1478 3846 1523 3922 ut,
1556 3845 1596 3903 ut
1619 3840 1672 3902 sol.

409 3947 546 4026 Quando
567 3949 668 4035 igitur
690 3972 803 4015 manus
831 3955 880 4015 est
902 3952 1100 4035 imperfecta,
1124 3951 1158 4014 in
1184 3956 1212 4015 Γ
1233 3956 1278 4033 ut,
1302 3949 1335 4013 in
1359 3971 1380 4012 c
1401 3970 1443 4032 νε,
1466 3948 1500 4011 in
1523 3948 1540 4010 b
1562 3947 1618 4025 νινε,
1641 3945 1677 4009 in

407 4059 476 4120 clu
503 4058 698 4140 permutatio
727 4058 796 4123 fieri
827 4082 894 4124 non
921 4064 1061 4143 potest4,
1098 4059 1249 4143 quoniam
1283 4058 1377 4122 unius
1408 4056 1496 4121 vocis
1529 4077 1595 4119 non
1627 4058 1675 4119 est

494 4281 710 4351 ¹Tinctoris‚
729 4283 935 4339 Diffinitorium
955 4284 1226 4352 (Goussemaker‚
1246 4283 1405 4353 Scriptores
1419 4279 1465 4347 IV,
1484 4279 1536 4334 186
1554 4297 1579 4334 u.
1593 4277 1674 4334 Jahr-

405 4369 512 4423 bdeher
530 4370 551 4437 I,
569 4370 620 4436 96).

492 4456 504 4492 2
521 4473 539 4510 a
557 4474 650 4512 causa.

443 4565 444 4574 ¹
491 4544 503 4582 ³
519 4543 631 4613 positis.

490 4630 503 4666 ⁴
520 4629 621 4699 possit.
