3734 5572
693 375 733 384 -·
781 337 841 402 101
885 379 950 414 -1

176 509 304 576 Ohcrda
327 509 423 593 euim,
447 532 530 594 quae
552 509 774 606 trihemitonio
804 533 900 600 cassa¹
917 511 989 596 fuit,
1016 511 1141 578 hexade
1169 513 1293 580 carebit
1313 514 1447 579 minori.-

175 619 229 685 Sic
251 623 343 684 sexta
365 617 469 684 maior
497 623 531 684 et
551 618 650 686 tertia
671 619 788 699 maicr;
816 642 893 686 nam
919 618 1049 710 chorda,
1078 642 1160 705 quae
1188 621 1299 686 ditono
1328 623 1442 706 caruit,
1569 623 1571 630 ’

174 727 298 792 hexade
324 725 440 791 maiori
472 726 627 811 privatur.
681 725 735 792 Sic
769 731 802 792 et
830 727 968 811 septima
1000 727 1105 793 maior
1134 733 1194 793 aut
1221 729 1327 795 minor
1359 730 1443 796 sicut
1548 759 1549 762 ¹

174 839 269 899 tonus
287 839 320 900 et
333 833 554 914 semitonium3
577 856 716 919 namque
732 833 815 900 sicut
836 834 981 927 istaead
1001 835 1126 901 fontem
1149 836 1195 902 sic
1209 836 1324 920 heptas
1340 838 1443 903 maior

175 946 231 1007 aut
252 941 358 1007 minor
380 943 421 1006 ad
444 941 512 1007 eius
536 946 683 1006 octavam
706 963 740 1006 se
762 941 905 1011 habent„
1312 1017 1314 1024 y

262 1050 329 1114 Has
353 1049 472 1114 etenim
495 1049 631 1116 chordas
653 1049 720 1114 sive
743 1053 875 1133 tractus,
906 1049 1022 1134 quibus
1045 1049 1184 1116 chordae
1209 1052 1443 1136 percutiuntur,

175 1157 231 1242 qui
252 1157 430 1244 vulgariter
451 1158 567 1223 taedae
590 1161 665 1222 sunt
685 1157 873 1242 nuncupati,
898 1157 935 1222 in
956 1158 1176 1224 monochordo
1199 1159 1245 1225 sic
1268 1160 1444 1245 disponunt

175 1265 438 1350 contemporanei
459 1265 571 1348 nostri,
600 1270 637 1330 ut
659 1269 781 1330 tractus
811 1265 932 1331 ordinis
954 1266 1110 1338 naturalis
1132 1270 1221 1333 recto
1249 1268 1345 1334 modo
1367 1291 1442 1354 pro·

175 1374 310 1439 cedant1
333 1374 460 1439 abiecto
484 1377 609 1458 sy·(pag.
626 1377 875 1457 82)uammenon‚
898 1373 991 1438 utin
1013 1374 1118 1459 prima
1132 1379 1319 1442 mensurata
1334 1381 1443 1442 osten·

176 1482 279 1546 dimus
308 1481 420 1568 figura.
466 1481 511 1546 At
540 1503 617 1547 vero
648 1482 764 1546 taedam
793 1503 1025 1566 synemmenon
1056 1487 1089 1548 et
1120 1483 1267 1548 ordinum
1297 1484 1443 1550 acciden-

174 1589 289 1654 talium
315 1589 550 1675 aliquantulum
577 1610 674 1673 super
694 1587 745 1653 his
769 1588 915 1654 elevatae
936 1593 1100 1673 ponuntur
1123 1589 1249 1656 diverso
1273 1591 1443 1675 depinctae

175 1697 293 1782 colore,
316 1701 353 1762 ut
373 1701 465 1782 patet
491 1697 527 1762 in
548 1696 661 1784 figura.
709 1696 774 1762 Sed
802 1697 979 1764 notandum
1009 1701 1058 1761 est
1085 1701 1118 1761 et
1144 1698 1237 1763 valde
1265 1699 1444 1764 notandum

175 1806 215 1871 de
236 1805 294 1870 illa
321 1805 441 1871 chorda
468 1805 555 1870 inter
581 1807 603 1870 t
626 1809 699 1890 etp
726 1805 893 1871 collocata.
940 1803 1078 1882 Quidam
1111 1805 1197 1870 euim
1228 1806 1444 1890 practicarum

174 1913 280 1978 minus
302 1914 386 1980 bene
409 1913 635 1999 praevidentes
657 1913 704 1977 ita
728 1913 821 1979 illam
843 1912 1028 1996 disponunt,
1055 1917 1093 1977 ut
1115 1916 1231 1980 cuma
1257 1914 1300 1980 sit
1322 1915 1444 1981 bonum
1543 1941 1555 1956 κ

175 2021 395 2105 semitonium,
426 2044 499 2087 cum
525 2043 547 2106 9
574 2042 652 2086 varo
678 2020 809 2088 malum.
859 2019 903 2084 Et
931 2019 977 2085 sic
1006 2019 1157 2103 diapente
1186 2039 1258 2086 cum
1285 2021 1391 2106 prima
1408 2021 1445 2104 t²

175 2130 297 2213 quadro
319 2129 411 2193 illam
434 2127 557 2194 faciunt
579 2149 741 2212 resonare,
770 2150 851 2212 quae
875 2127 1026 2211 diapente
1052 2127 1177 2194 inutilis
1205 2134 1263 2212 est,
1292 2131 1444 2214 quoniam

174 2258 248 2302 raro
270 2237 307 2300 fit
331 2241 372 2320 et,
396 2241 433 2300 ut
454 2235 560 2301 verius
582 2235 707 2320 loquar,
737 2243 911 2320 numquam
933 2235 1004 2299 fieri
1027 2235 1132 2302 debet.
1179 2235 1299 2303 Verum
1321 2238 1349 2301 si
1372 2238 1443 2322 'quis

176 2345 274 2410 dicat:
298 2344 339 2409 ad
354 2343 416 2410 hcc
431 2343 570 2428 ponitur,
596 2349 641 2428 nt,
665 2367 738 2412 cum
760 2348 853 2410 tenor
869 2342 1035 2409 descendit
1057 2344 1098 2409 ad
1120 2365 1141 2407 a
1155 2366 1214 2428 per
1228 2344 1257 2427 b,
1281 2344 1444 2410 discantus

175 2451 296 2518 habeat
310 2455 435 2518 sextam
449 2452 606 2518 maiorem
627 2452 662 2517 in
684 2451 741 2516 illa
763 2452 899 2518 tendens
922 2452 964 2516 ad
979 2451 1134 2536 diapason
1148 2454 1179 2536 t,
1202 2453 1444 2537 respondemus,

176 2561 262 2646 quod
286 2582 372 2626 nunc
398 2561 433 2625 in
459 2563 572 2626 tenore
602 2561 699 2627 debet
725 2559 795 2625 fieri
825 2559 976 2644 variatio,
1003 2560 1065 2625 hcc
1089 2563 1138 2626 est
1162 2561 1356 2626 descendere
1386 2582 1445 2644 per

174 2668 313 2754 primam
339 2652 481 2735 tmollis
509 2669 726 2752 coniunctam,
756 2691 838 2753 quae
867 2673 958 2734 sexta
986 2669 1090 2734 maior
1120 2673 1170 2733 est
1192 2669 1233 2734 ad
1252 2690 1283 2753 9.
1328 2668 1371 2734 Et
1397 2667 1445 2734 sic

175 2777 232 2842 fiet
257 2777 412 2843 transitus
439 2799 506 2843 non
534 2777 639 2844 solum
668 2778 716 2842 ita
743 2779 860 2860 bonus,
893 2797 1005 2841 verum
1034 2776 1162 2860 melior,
1194 2776 1319 2842 dulcior
1347 2781 1444 2861 atquc

177 2885 319 2965 suavior3
344 2889 377 2950 et
397 2885 426 2951 si
448 2885 556 2951 media
577 2907 640 2950 vox
661 2884 902 2969 interponatur‚'
918 2882 1019 2950 habet
1040 2885 1170 2949 tertiam
1185 2885 1341 2950 maiorem
1363 2884 1398 2950 in
1413 2887 1443 2968 d,

177 3016 196 3058 a
219 3016 282 3078 qua
303 2993 413 3059 veniet
434 2993 470 3057 in
492 2993 638 3078 quintam
661 2992 786 3058 scilicet
806 3015 823 3057 c
844 2992 990 3078 regulam
1017 3012 1114 3075 supra
1135 2993 1276 3076 positam
1302 3014 1444 3076 servans,

177 3124 273 3187 quam
295 3099 491 3185 nonhabet,
522 3102 551 3166 si
573 3101 637 3167 alio
660 3102 757 3166 modo
781 3101 961 3175 descendat.
1008 3099 1155 3184 Namque
1183 3100 1324 3168 secunda
1345 3090 1445 3164 tucn

177 3209 383 3296 coniungitur
405 3208 480 3274 huic
491 3209 628 3275 'ratione
651 3209 788 3295 signata.

262 3316 355 3381 Etsi
378 3318 450 3401 quis
472 3316 573 3381 vellet
598 3316 719 3398 dicere,
736 3316 835 3400 ,quod
861 3315 910 3381 ibi
935 3315 1115 3381 renascitur
1136 3319 1248 3398 protus
1280 3319 1312 3380 et
1335 3314 1445 3380 condi-

177 3425 296 3510 ciones‚
325 3447 405 3510 quas
431 3423 546 3490 habuit
568 3426 598 3508 d,
628 3424 726 3489 debet
754 3425 830 3488 eth
858 3422 1004 3488 obtinere
1033 3428 1066 3488 et
1092 3425 1209 3490 cumd
1237 3423 1445 3489 semitonium

177 3534 237 3599 sub
260 3556 294 3599 se
318 3538 352 3598 et
374 3555 471 3618 supra
493 3555 528 3598 ae
550 3531 671 3598 habere
693 3535 908 3598 monstratum
930 3533 986 3614 sit,
1016 3531 1129 3597 eodem
1155 3532 1252 3596 modo
1280 3535 1313 3596 et
1334 3532 1367 3611 h,
1393 3552 1445 3596 re-

177 3641 409 3725 spondebimus
439 3640 582 3708 dicentes
612 3644 838 3726 argumentum
864 3660 930 3708 nou
959 3639 1149 3723 procedere,
1179 3637 1331 3724 quoniam
1363 3638 1446 3703 illud

177 3748 292 3814 habuit
310 3771 342 3834 9,
365 3771 447 3834 quae
470 3749 605 3814 totalem
628 3747 872 3812 similitudinem
895 3746 955 3811 sub
982 3751 1015 3811 et
1038 3767 1134 3830 supra
1155 3745 1190 3810 in
1213 3767 1445 3831 synemmenon

177 3856 383 3923 tetrachordo
412 3857 562 3923 vendicat
588 3855 665 3940 sibi,
694 3874 761 3921 non
787 3859 897 3920 tamen
927 3855 958 3938 t,
987 3853 1062 3938 quia
1089 3853 1149 3918 sub
1179 3875 1214 3918 se
1241 3854 1321 3919 duos
1349 3858 1445 3918 tonos

178 3964 286 4030 habet.
324 3965 416 4030 Licet
438 3965 542 4051 prima
565 3961 717 4048 diapente
740 3963 783 4028 ¹sit
804 3963 839 4027 in
859 3962 1018 4028 disiuncto
1041 3962 1178 4045 intensa,
1202 3961 1249 4028 sio
1272 3966 1305 4026 et
1327 3961 1446 4026 diates·

179 4094 284 4155 saron,
306 4094 419 4137 verum
440 4077 551 4139 tamen
574 4072 774 4137 diatessaron
801 4093 898 4156 supra
921 4070 1071 4154 diapenta
1093 4071 1231 4154 primam
1258 4068 1446 4145 nonhabet

179 4181 237 4246 sed
264 4180 445 4245 secundam.
496 4181 601 4266 Igitur
625 4179 684 4244 illa
715 4179 835 4244 chorda
860 4179 895 4244 in
923 4178 1093 4243 coniuncto
1121 4178 1272 4243 deuterus
1302 4181 1351 4242 est
1378 4181 1446 4241 tam

179 4287 359 4354 autenticus
382 4309 479 4372 quam
499 4287 647 4375 plagalis.

266 4394 333 4460 Alii
362 4416 440 4460 vero
467 4396 601 4479 practici
630 4377 751 4461 dicunt:
784 4395 812 4460 si
842 4394 903 4460 hoc
929 4394 1036 4477 fieret,
1065 4392 1215 4477 diapente
1243 4415 1260 4457 a
1288 4384 1445 4476 tquadrc

267 4634 276 4670 1
293 4628 462 4700 procedunt.
671 4631 682 4668 2
700 4634 726 4687 b.
