3750 5528
952 347 1165 411 ,92-

422 519 552 586 buendo
575 519 849 602 quamplurimos
872 519 1052 603 posuimus,
1084 524 1121 584 ut
1145 519 1180 584 in
1201 521 1356 604 Requicm
1382 525 1545 584 ueternum
1572 542 1689 585 canon:

427 627 470 692 Ut
489 628 690 710 requiescant
709 649 731 691 u
752 628 910 692 tuberibus
928 629 1001 692 sats
1008 630 1026 686 *1
1049 627 1258 710 insinuamus,
1285 629 1370 711 quod
1392 633 1432 692 ut
1453 632 1485 693 et
1506 648 1540 693 rc
1563 627 1690 710 sileant,

422 740 548 801 ceterae
571 756 648 799 vero
672 739 812 799 cantent.
858 734 923 800 Sed
948 736 1009 800 etsi
1032 735 1199 818 quiescant
1219 757 1364 818 numero,
1393 742 1503 800 tamen
1526 739 1691 818 compnta-

421 849 513 908 mus1
529 842 672 908 valorem
687 846 836 907 notarum
851 842 886 906 in
907 843 1026 926 pausis.
1066 842 1131 908 Sed
1147 865 1220 908 cum
1235 843 1376 908 secundo
1393 844 1521 907 dicitur:
1547 842 1587 907 st
1609 849 1691 907 tenes

422 973 497 1016 cum
511 953 641 1016 douutrw
655 946 905 1034 Apumcmuoffl,
929 953 966 1014 dc
987 953 1089 1035 cupite
1111 953 1215 1015 nudos
1236 952 1364 1015 amittes
1385 952 1515 1036 eupitius
1535 951 1573 1014 iu
1590 972 1692 1035 puru-

421 1065 490 1123 uete
504 1063 634 1141 nataque
648 1079 896 1142 synemmcuou,·
918 1059 1049 1122 illorum
1063 1059 1182 1123 scilicet
1194 1079 1289 1142 opera
1300 1064 1461 1122 secuntur
1481 1059 1551 1122 ilios
1572 1079 1688 1139 omues,

356 1189 359 1193 ·
421 1167 495 1230 illas
517 1165 646 1231 notulas
668 1166 703 1230 in
726 1188 848 1231 canone
871 1165 971 1248 priori
1002 1165 1149 1230 dimissas
1181 1188 1250 1230 esse
1278 1166 1488 1230 resumendas
1513 1166 1690 1230 intimatur.

421 1273 535 1357 Itaque
551 1278 638 1357 nota,
663 1296 744 1357 quae
764 1273 826 1338 fuit
849 1272 981 1338 dimissa
1002 1276 1038 1338 in
1059 1280 1105 1356 ut,
1130 1274 1277 1338 notulam
1299 1275 1333 1338 in
1356 1282 1397 1338 ut
1415 1274 1554 1357 positam
1578 1295 1693 1356 sequa-

421 1386 482 1464 tur,
509 1386 542 1446 et
564 1403 645 1465 quae
667 1381 702 1445 in
723 1403 758 1445 re
781 1381 912 1465 quievit,
943 1385 1017 1464 post
1039 1381 1185 1446 notulam
1207 1403 1241 1446 re
1262 1380 1441 1447 laborando
1463 1381 1628 1464 reclamet,
1656 1385 1692 1445 ut

421 1491 522 1554 rerba
548 1493 726 1554 consonent
752 1490 858 1554 rebus.
904 1489 947 1554 Et
978 1512 1050 1554 oum
1079 1512 1118 1554 ex
1145 1489 1365 1574 superioribus
1392 1488 1569 1553 habeamus
1598 1510 1693 1572 para-

421 1602 519 1662 neten
547 1619 778 1681 synemmenon
806 1619 875 1661 esse
904 1597 924 1660 lc
949 1597 983 1660 in
1012 1598 1197 1677 coniuncto,
1231 1601 1331 1661 neten
1359 1618 1436 1662 vero
1463 1599 1474 1660 l
1500 1597 1535 1661 in
1568 1597 1689 1678 eodem,

422 1707 577 1789 sequitur,
603 1707 688 1788 quod
704 1726 802 1788 opera
822 1703 954 1769 illorum
969 1709 1147 1788 sequuntur
1162 1704 1236 1769 illos
1251 1706 1285 1769 in
1302 1704 1452 1788 diapente
1475 1694 1690 1770 reclamando.

421 1813 465 1876 Et
486 1813 545 1895 sic,
568 1834 644 1876 cum
667 1812 798 1878 notulae
820 1814 855 1876 in
878 1814 1020 1877 secunda
1042 1816 1135 1896 parte
1165 1813 1217 1877 sic
1238 1813 1450 1897 disponantur
1470 1812 1521 1896 fy
1535 1814 1565 1894 lc,
1596 1811 1693 1876 debet

421 1919 508 1984 iacta
537 1941 671 2003 operum
699 1920 862 1984 additione
889 1921 1057 2004 flectit
1087 1921 1227 2004 cantari,
1255 1921 1303 1985 ita
1329 1921 1414 2004 quod
1442 1919 1533 1984 valor
1560 1941 1693 2003 praece-

422 2027 575 2091 dentium.
589 2027 773 2092 notularum
795 2028 922 2114 integre
944 2033 1133 2092 resumatur.
1174 2027 1229 2093 Sic
1253 2032 1285 2093 et
1306 2028 1439 2110 inalio,
1462 2027 1518 2092 ubi
1538 2027 1690 2091 diximus:

427 2135 471 2199 Ut
490 2136 639 2218 quiescet,
669 2137 766 2200 donec
787 2141 896 2220 optutu
922 2138 1038 2218 ueniat,
1068 2137 1215 2201 volumus
1243 2136 1431 2201 ostendere:
1459 2135 1580 2218 notula,
1609 2158 1691 2218 quae

421 2241 569 2306 fueritin
584 2243 747 2326 fscilicet,
773 2265 854 2326 quae
873 2244 990 2308 dicitur
1011 2249 1050 2308 ut
1070 2266 1129 2327 per
1150 2245 1331 2330 vulgarium
1356 2244 1522 2328 dictiones,
1548 2245 1692 2328 quiescat

421 2351 506 2422 idest
528 2351 624 2415 sileat
645 2355 853 2432 numeranda,
883 2352 984 2416 donec
1007 2352 1047 2416 ad
1070 2351 1167 2417 finem
1189 2351 1287 2416 fuerit
1316 2357 1506 2435 perventum
1529 2353 1580 2438 (P).
1628 2351 1692 2416 Sed

423 2480 496 2522 cum
523 2459 559 2522 in
584 2463 676 2542 parte
705 2459 852 2542 sequenti
881 2459 1032 2523 diximus:
1060 2460 1106 2523 Et
1130 2461 1217 2524 sicut
1240 2461 1433 2524 mercenarii
1458 2461 1524 2524 dics
1551 2461 1632 2543 eius,
1656 2464 1693 2524 ut

422 2587 518 2648 supra
540 2566 688 2631 volumus
712 2568 892 2648 ostendere,
915 2568 958 2649 id,
988 2569 1072 2650 quod
1094 2567 1322 2632 inconcinnum
1344 2569 1500 2632 remansit
1521 2567 1555 2631 in
1577 2569 1690 2651 prima,

421 2673 457 2737 in
471 2679 648 2757 paraneten
669 2697 900 2758 synemmenon
921 2679 1104 2739 resumatur
1124 2675 1331 2756 insecundo,
1355 2680 1391 2739 ut
1412 2674 1448 2738 in
1470 2675 1533 2740 elio
1557 2675 1691 2739 fecimus

423 2803 544 2846 canone
578 2783 632 2845 Ad
662 2783 794 2846 modum
826 2785 1029 2866 mensurarit,
1069 2783 1158 2847 cuius
1187 2783 1255 2847 dies
1286 2782 1330 2846 in,
1355 2781 1457 2848 fallo3
1492 2783 1532 2847 ad
1565 2783 1693 2847 satisfa-

422 2890 563 2954 ctionem
585 2889 619 2953 in
643 2889 714 2954 aliis
736 2895 971 2974 computantur.

511 2995 592 3062 Cum
615 3020 691 3062 vero
715 2998 832 3062 dicitur
853 2999 902 3062 Ne
923 2999 1103 3080 recorderis,
1132 2998 1216 3063 clare
1240 2997 1429 3081 ostenditur,
1460 2997 1545 3082 quod
1566 3019 1600 3062 rc
1627 3021 1691 3063 non

422 3109 562 3188 ponatur
583 3105 617 3169 in
640 3103 768 3170 chorda.
812 3107 966 3188 Idemque
990 3106 1048 3170 de⁴
1070 3127 1104 3171 rc
1128 3110 1160 3170 et
1181 3108 1230 3169 mi
1249 3095 1472 3191 intelligimus,
1497 3127 1570 3169 oum
1591 3125 1692 3187 reaque

421 3215 642 3277 reminisceris
676 3213 825 3296 ponimus
857 3214 1051 3296 computatis
1081 3217 1191 3277 tamen
1223 3213 1358 3279 morulis
1393 3213 1554 3277 canendis
1610 3210 1691 3277 Oum

422 3343 499 3386 vero
521 3321 700 3404 penultimo
725 3322 861 3385 diximus
886 3321 1098 3404 Requiescuut
1117 3323 1155 3384 iu
1178 3325 1266 3405 pace,
1297 3321 1382 3385 clare
1413 3324 1629 3385 monstramus
1657 3341 1691 3383 re

422 3451 526 3512 neque
541 3428 577 3492 in
599 3432 695 3493 cantu
716 3451 822 3512 neque
843 3429 879 3492 in
900 3451 1000 3512 pausa
1024 3451 1093 3493 esse
1116 3429 1310 3512 ponendum,
1334 3430 1392 3493 sed
1412 3428 1534 3494 intacto
1558 3427 1690 3492 dimisso

423 3518 577 3600 adaliam
599 3557 711 3602 vocem
733 3557 792 3600 nos
815 3536 1056 3600 transferamus.
1097 3536 1177 3600 Cum
1201 3558 1276 3600 vero
1299 3536 1414 3600 ultimo
1437 3535 1554 3599 dicitur
1575 3537 1689 3612 Amce,

420 3643 635 3729 intelligimus
659 3644 771 3708 eodem
793 3646 889 3708 modo
912 3643 1062 3708 fiendum.

508 3751 599 3817 Alios
616 3751 752 3816 aliorum
768 3772 907 3816 canones
923 3750 1060 3815 vidimus
1075 3751 1262 3835 permultos,
1287 3751 1368 3816 alios
1389 3755 1421 3815 et
1443 3773 1502 3816 nos
1525 3750 1690 3835 posuimus

424 3881 519 3944 quam
541 3858 706 3943 plurimos,
753 3859 872 3923 Verum
896 3860 970 3943 quia
993 3859 1033 3922 de
1055 3859 1461 3942 particularibus'scientia
1484 3881 1548 3923 non
1571 3858 1691 3940 poterit

423 3967 545 4049 haberi,
572 3971 627 4032 aut
642 3967 669 4030 si
685 3966 793 4050 aliqua
815 3967 949 4031 minima
971 3988 1046 4050 pars
1070 3967 1204 4031 confusa
1227 3988 1354 4050 semper
1377 3970 1473 4048 extat,
1499 3966 1536 4030 de
1561 3964 1691 4030 canoni·

423 4075 484 4139 bus
507 4077 547 4139 ad
569 4075 701 4160 ingenia
724 4074 920 4139 subtilianda
944 4079 976 4139 et
999 4075 1142 4138 acuenda
1166 4075 1251 4138 dicta
1274 4073 1444 4138 sufficiant.
1471 4076 1541 4155 (pag.
1560 4077 1613 4155 73.)

511 4353 520 4386 1
540 4350 740 4420 computando.
949 4349 1146 4418 ²agameuon.

508 4436 619 4491 ³Nech
637 4435 686 4491 Du
706 4435 824 4506 Gange
842 4435 882 4489 ist
899 4434 1000 4488 fallum
1019 4459 1051 4481 =
1071 4434 1210 4500 defectus,
1231 4433 1376 4487 delictum.
1538 4436 1550 4471 ⁴
1569 4436 1620 4488 est.

509 4524 524 4556 *
544 4522 642 4576 Clarus
663 4524 692 4577 et
711 4521 873 4578 sententiae
890 4523 1057 4590 competens
1078 4536 1177 4574 canon.
