3758 5514
966 321 1181 386 -22,-,-

822 625 1067 707 capitulum
1095 618 1324 694 octavum¹.
1414 653 1416 660 v

444 805 501 940 SI
528 811 635 872 autem
670 807 709 871 de
731 827 865 871 numero
895 802 1063 892 arguatur,
1090 807 1256 891 quianon
1283 807 1367 872 tanti
1388 806 1507 872 valoris
1531 807 1714 892 octonarius

483 904 595 980 noster
622 915 758 998 videtur,
794 915 906 1000 quanti
936 915 1137 1000 septenarius
1167 919 1225 999 est,
1256 937 1319 1000 quo
1348 915 1487 980 volvitur
1513 916 1651 980 mundus
1679 921 1712 982 et

442 1024 539 1102 orbis,
566 1045 629 1108 qua
653 1023 691 1088 de
715 1044 811 1087 causa
841 1022 1058 1109 Gregorius
1084 1027 1211 1087 tantum
1238 1028 1362 1108 septem
1388 1024 1515 1088 litteras
1537 1025 1653 1108 posuit,
1680 1029 1712 1088 et

442 1154 516 1202 cum
531 1153 597 1197 non
612 1132 655 1195 sit
670 1135 780 1195 tantae
796 1130 1005 1214 perfectionis
1022 1135 1160 1216 quantae
1177 1131 1343 1213 senarius·
1356 1131 1447 1196 cuius
1462 1131 1568 1216 gratia
1583 1131 1709 1196 Guido

444 1241 564 1305 adsex
585 1260 681 1304 voces
704 1238 841 1316 reduxit,
866 1260 939 1303 cum
962 1260 1039 1325 ergo
1062 1237 1206 1304 senarius
1231 1243 1267 1303 et
1284 1239 1710 1323 septenariusperfectiores

444 1347 512 1415 sint
542 1347 708 1412 octonario
743 1351 775 1410 et
801 1368 874 1411 cum
903 1369 962 1429 per
987 1345 1062 1411 illos
1083 1346 1154 1411 fieri
1184 1347 1286 1430 possit
1307 1348 1404 1430 idem,
1439 1349 1523 1433 quod
1545 1370 1604 1433 per
1626 1352 1714 1413 octo-

440 1457 568 1521 narium
590 1475 649 1520 nos
664 1453 810 1536 facimus,
833 1455 952 1519 rectius
975 1453 1114 1519 sensisse
1130 1454 1326 1520 videbuntur
1344 1455 1403 1537 illi,
1427 1477 1563 1540 quorum
1583 1455 1713 1540 quidam

442 1563 668 1648 septenarium,
694 1562 823 1649 quidam
844 1563 1007 1627 senarium
1022 1561 1124 1627 secuti
1146 1566 1230 1646 sunt,
1255 1584 1352 1647 quam
1373 1585 1441 1646 nos,
1472 1563 1527 1648 qui
1550 1565 1713 1649 sequimur

443 1672 652 1753 octonarium.
879 1749 881 1754 Ι

528 1778 709 1843 Dicendum
724 1800 893 1842 numerum
910 1777 1110 1843 octonarium
1125 1799 1277 1864 magnam
1292 1778 1327 1842 in
1342 1779 1465 1844 musica
1479 1779 1711 1863 perfectionem

444 1893 477 1954 et
499 1887 691 1974 dignitatem
714 1886 860 1972 obtinere
886 1890 918 1950 et
940 1907 1005 1949 non
1028 1885 1148 1950 frustra
1172 1907 1241 1950 esse
1265 1869 1326 1950 sed
1343 1888 1545 1951 necessario²
1559 1889 1711 1970 positum.

441 1996 553 2060 Primo
569 1995 725 2079 probatur
742 1995 811 2058 eius
821 1993 977 2078 perfectio
989 2016 1048 2077 per
1061 1993 1345 2077 comparationem.
1380 1993 1471 2059 Sicut
1484 1995 1568 2059 enim
1581 1979 1713 2079 quidam

445 2103 621 2188 septenarii
644 2101 875 2186 perfectionem
898 2106 1078 2186 propterea,
1104 2102 1190 2185 quod
1211 2106 1335 2185 septem
1355 2107 1450 2166 suut3
1471 2103 1630 2186 planetae,
1653 2125 1713 2168 nos

445 2212 558 2276 eadem
573 2210 699 2275 ratione
716 2210 874 2274 octonarii
888 2211 1064 2293 probamus
1075 2209 1317 2293 perfectionem,
1337 2211 1422 2294 quod
1438 2215 1562 2294 septem
1573 2209 1712 2294 planetis

444 2319 556 2390 addito
572 2318 778 2403 firmamento
802 2316 985 2382 octonarius
1001 2339 1153 2382 uumerus
1175 2317 1321 2382 resultat.
1356 2317 1399 2382 Et
1420 2318 1455 2381 in
1476 2318 1606 2392 illorum
1627 2341 1713 2383 com-

443 2425 610 2511 paratione
626 2426 756 2510 gravius
771 2429 932 2508 peccatur,
957 2425 1033 2508 quia
1049 2426 1134 2509 quod
1151 2423 1359 2489 excellentius
1377 2429 1435 2508 est,
1460 2425 1585 2491 scilicet
1601 2431 1714 2491 octava

444 2532 608 2616 sphaera4,
635 2532 816 2598 dimittitur.
859 2532 945 2597 Nam
969 2534 1043 2596 dato
1067 2531 1196 2597 silentio
1220 2532 1304 2597 sicut
1326 2533 1426 2596 Terra
1449 2555 1519 2598 oum
1545 2533 1713 2598 elementis

443 2640 547 2725 prima
564 2645 596 2704 et
611 2640 745 2726 gravior
757 2643 810 2704 est
820 2639 958 2724 sphaera
972 2640 1092 2718 Lunae,
1117 2641 1257 2705 secunda
1272 2641 1431 2714 Mercurii,
1455 2641 1552 2705 tertia
1567 2641 1711 2719 Veneris,

445 2752 560 2834 quarta
576 2747 670 2820 Solis,
689 2747 801 2832 quinta
816 2747 937 2826 Martia,
960 2752 1050 2812 sexta
1064 2747 1160 2831 Iovis,
1185 2747 1323 2830 septima
1339 2747 1479 2831 Saturni,
1503 2754 1615 2813 octava
1632 2749 1714 2824 coeli

444 2855 592 2921 stellati5.
644 2854 748 2935 Quam
771 2858 1037 2939 comparati-(pag.
1060 2868 1200 2928 1alonem
1228 2855 1326 2920 etiam
1357 2850 1508 2921 Marcus
1536 2857 1716 2922 Tulliusl

534 3150 594 3203 11n
612 3149 682 3204 Aer
702 3148 768 3203 sind
787 3149 833 3204 die
853 3149 970 3219 Kapitel
989 3151 1004 3202 7
1023 3151 1083 3205 und
1101 3151 1118 3206 8
1139 3168 1439 3222 zusammengezogen.

530 3238 542 3274 2
559 3235 762 3291 necessarium.

530 3321 633 3375 3Α80
651 3322 718 3376 sint.

531 3410 653 3477 4spera.

532 3496 543 3533 5
562 3493 654 3548 celum
674 3494 830 3558 stellatum.
1678 3567 1683 3574 ⁵

535 3579 601 3633 6M.
621 3580 651 3633 Τ.
671 3579 804 3648 Cicero,
825 3581 866 3634 De
884 3581 1050 3651 republica
1067 3580 1146 3636 XVII
1164 3582 1218 3649 (IV)
1237 3583 1270 3635 17
1291 3583 1343 3650 [ed.
1362 3583 1516 3650 Teubnert:
1540 3583 1649 3648 Novem
1661 3584 1717 3638 tibi

447 3664 562 3720 orbibus
581 3667 628 3720 vel
645 3664 743 3735 potius
762 3666 856 3736 globis
876 3683 1005 3722 connexa
1023 3671 1091 3722 sunt
1109 3668 1213 3736 omnia,
1233 3685 1354 3737 quorum
1366 3687 1440 3723 unus
1453 3670 1586 3725 caelestis
1606 3672 1652 3724 est
1670 3687 1717 3724 ex-

445 3753 543 3818 timus,
562 3751 613 3820 qui
625 3751 751 3821 reliquos
766 3769 864 3806 omnes
879 3747 1089 3824 complectitur,
1109 3771 1235 3808 summus
1248 3755 1312 3824 ipse
1325 3755 1395 3809 deus
1409 3772 1508 3811 arcens
1522 3759 1553 3810 et
1564 3756 1715 3811 continens

447 3841 588 3893 caeteros:
607 3838 637 3892 in
657 3855 713 3907 quo
733 3841 801 3894 sunt
818 3839 900 3892 infixi
918 3840 970 3908 illi,
990 3841 1041 3908 qui
1059 3841 1222 3908 volvuntur,
1246 3840 1396 3895 stellarum
1415 3857 1514 3896 cursus
1534 3843 1715 3912 sempiterni:

448 3924 494 3978 cui
513 3924 636 3980 subiecti
655 3928 779 3994 septem,
804 3926 854 3993 qui
873 3929 1026 3981 versantur
1048 3930 1124 3982 retro
1142 3926 1292 3982 'contrario
1316 3930 1396 3981 motu
1421 3930 1508 3996 atque
1533 3929 1657 3997 caelum,
1683 3947 1718 3984 ex

448 4010 551 4078 quibus
579 4029 667 4065 unum
692 4011 811 4080 globum
837 4013 970 4081 possidet
996 4013 1060 4081 illa,
1088 4031 1174 4082 quam
1200 4013 1231 4067 in
1258 4013 1342 4068 terris
1366 4012 1532 4069 Saturniam
1558 4015 1716 4069 nominant.

447 4097 559 4152 Deinde
582 4100 628 4151 est
644 4096 794 4152 hominum
816 4099 916 4167 generi
939 4116 1093 4169 prosperus
1117 4101 1147 4154 et
1171 4099 1306 4154 salutaris
1330 4099 1381 4154 ille
1405 4100 1512 4170 fulgor,
1537 4099 1588 4168 qui
1612 4100 1718 4155 dicitur

447 4183 537 4238 lovis:
557 4185 620 4237 tum
638 4183 742 4237 rutilus
762 4184 965 4254 horribilisque
984 4185 1078 4254 terris,
1097 4202 1183 4253 quem
1201 4185 1338 4239 Martium
1355 4185 1466 4239 dicitis:
1491 4185 1594 4241 deiude
1618 4188 1718 4241 subter

448 4269 572 4323 mediam
589 4269 649 4324 fere
668 4269 816 4339 regionem
835 4270 884 4325 Sol
903 4271 1030 4339 obtinet,
1057 4272 1113 4326 dux
1139 4276 1168 4326 et
1188 4271 1323 4342 princeps
1347 4274 1377 4326 et
1394 4273 1559 4328 moderator
1576 4271 1717 4326 luminum

447 4355 632 4423 reliquorum,
649 4372 730 4410 mens
749 4356 848 4410 mundi
862 4359 892 4411 et
903 4357 1085 4426 temperatio,
1103 4360 1187 4412 tanta
1198 4357 1409 4428 magnitudine,
1427 4361 1461 4413 ut
1473 4362 1578 4413 cuncta
1590 4375 1641 4413 sua
1653 4357 1717 4411 luce

447 4441 552 4495 lustret
570 4444 601 4496 et
619 4442 771 4511 compleat.
807 4442 891 4497 Hunc
903 4446 937 4496 ut
949 4443 1068 4499 comites
1088 4447 1305 4512 consequuntur
1317 4445 1438 4501 Veneris
1457 4444 1539 4512 alter,
1558 4444 1632 4498 alter
1644 4442 1718 4496 Mer-

449 4527 522 4581 curii
541 4544 648 4594 cursus,
666 4527 697 4581 in
715 4527 872 4596 infimoque
891 4529 959 4583 orbe
979 4530 1059 4585 Luna
1077 4529 1165 4585 radiis
1185 4531 1254 4586 solis
1274 4548 1396 4586 accensa
1414 4531 1599 4586 convertitur.
1640 4529 1718 4583 Infra

448 4617 544 4669 autem
563 4613 621 4668 iam
639 4613 713 4667 nihil
733 4616 777 4669 est
795 4613 852 4668 nisi
870 4615 992 4671 mortale
1012 4619 1042 4670 et
1060 4617 1199 4671 caducum
1216 4621 1333 4688 praeter
1345 4618 1455 4672 animos
1468 4632 1586 4671 munere
1599 4617 1716 4670 deornm
