3742 5528
530 1159 773 1264 Secunda
807 1191 931 1292 pars
970 1159 1110 1262 idest
1147 1167 1585 1294 contrapunctus.

785 1364 1086 1473 sancimus
1118 1399 1325 1473 narnus.

764 1595 766 1606 ’
821 1610 1064 1693 Capitulum
1091 1610 1290 1692 primum.

482 1813 528 1884 In
555 1822 629 1906 q'uo
657 1813 788 1886 notitia
814 1815 1262 1887 vocum'consonantium
1291 1823 1327 1886 et
1354 1814 1626 1888 dissonantium

971 1954 1133 2047 ponitur.

423 2116 626 2250 TALITER
647 2117 813 2202 hucusque
835 2119 999 2203 prosecuti
1021 2119 1151 2202 fuimus,
1181 2124 1218 2184 ut
1239 2124 1367 2184 tantum
1389 2121 1428 2184 de
1455 2119 1588 2184 vocibus
1618 2141 1691 2184 suc-

490 2226 611 2291 cessive
635 2227 770 2310 prolatis
793 2227 901 2312 aliqua
923 2226 1138 2312 loqueremur.
1184 2227 1278 2293 Nunc
1302 2232 1422 2312 autem,
1453 2250 1534 2312 quae
1561 2229 1690 2293 illarum

422 2332 503 2397 duae
520 2334 615 2399 simul
630 2335 778 2417 pluresve
793 2357 964 2418 percussae
980 2337 1048 2400 sive
1066 2339 1214 2401 cantatae
1238 2341 1417 2401 consonent
1438 2335 1491 2400 vel
1513 2335 1689 2418 dissonent,

421 2441 563 2507 breviter
597 2442 782 2525 explicetur.
841 2442 989 2521 Qualiter
1021 2447 1129 2508 autem
1164 2443 1375 2509 consonantia
1405 2449 1461 2508 aut
1492 2443 1691 2510 dissonantia

422 2570 533 2614 aurem
554 2549 756 2635 ingrediatur
786 2555 818 2616 et
848 2554 955 2615 utrum
982 2543 1059 2615 vera
1087 2551 1130 2616 sit
1152 2551 1327 2616 Platonis
1359 2552 1468 2636 opinio
1497 2556 1553 2618 aut
1574 2552 1691 2617 Nico-

420 2657 558 2741 machi,
590 2647 743 2742 quoniam
770 2658 968 2742 speculativa
997 2663 1059 2741 est,
1094 2659 1129 2723 in
1158 2660 1298 2726 secundo
1326 2658 1410 2726 libro
1443 2660 1533 2724 iuxta
1565 2659 1690 2745 ingenii

420 2765 523 2830 nostri
538 2766 623 2830 vires
640 2766 802 2832 declarare
827 2772 859 2832 et
882 2767 1019 2832 diffinire
1043 2768 1239 2834 conabimur.
1278 2768 1372 2832 Nunc
1396 2772 1512 2852 autem,
1538 2767 1689 2852 quoniam

420 2874 580 2956 practices
602 2874 759 2957 paulatim
782 2874 823 2939 ad
851 2876 1036 2962 doctrinam¹
1058 2875 1141 2940 hanc
1172 2875 1335 2941 attrahere
1363 2897 1585 2961 procuramus
1614 2877 1688 2942 bre-

420 2980 503 3047 viter
526 2985 559 3046 et
582 2983 673 3066 quasi
694 3005 753 3067 per
781 2984 911 3048 modurn
938 2971 1101 3049 corollarii
1129 3007 1179 3067 ea,
1209 3006 1291 3068 quae
1318 2983 1359 3048 ad
1385 2983 1560 3067 practicam
1589 2983 1688 3066 perti-

420 3095 507 3173 nent,
533 3091 736 3174 explicemus.

505 3198 637 3263 Dictum
661 3203 710 3264 cst
731 3204 836 3265 totum
867 3221 982 3283 corpus
1010 3199 1151 3264 musicae
1178 3221 1275 3263 unam
1306 3220 1375 3263 esse
1407 3199 1574 3282 diapason,
1607 3220 1687 3282 quae

420 3306 552 3370 vocibus
576 3311 649 3371 octo
673 3311 808 3372 constat.
857 3307 892 3372 Si
913 3308 1015 3393 igitur
1040 3307 1099 3371 has
1128 3311 1201 3372 octo
1227 3328 1323 3372 voces
1352 3306 1489 3372 invicem
1518 3305 1687 3370 referendo

421 3413 634 3498 declaremus,
664 3414 830 3480 sufficiet1.
885 3415 948 3479 Per
974 3415 1104 3494 modum
1138 3415 1239 3501 igitur
1275 3413 1440 3479 doctrinae
1473 3413 1556 3478 scias
1593 3434 1688 3502 voces

420 3521 570 3606 aequales
586 3524 790 3607 concordare,
813 3523 900 3588 idest
921 3525 1101 3588 unisonum.
1142 3523 1290 3590 Secunda
1313 3521 1458 3588 dissonat
1480 3544 1552 3586 cum
1574 3522 1686 3606 prima,

418 3629 516 3694 tertia
540 3636 696 3696 consonat
717 3631 850 3714 primae,
876 3636 990 3715 quarta
1013 3630 1177 3706 solanum
1199 3631 1304 3716 prima
1332 3630 1501 3695 discordat.
1549 3627 1689 3692 Ooncor-

419 3739 475 3803 dat
490 3742 598 3803 autem
615 3739 728 3824 quinta
743 3744 777 3804 et
794 3743 894 3823 sexta,
918 3742 1057 3823 septima
1080 3739 1250 3823 discrepat,
1275 3738 1465 3822 aequisonat
1486 3759 1545 3820 per
1567 3736 1688 3820 optime

419 3852 541 3912 octava.
605 3845 883 3924 Quemadmodum
919 3847 1020 3933 igitur
1053 3846 1189 3912 fecimus
1224 3847 1263 3910 ad
1297 3847 1434 3929 primam
1466 3866 1577 3909 omnes
1609 3841 1688 3907 alias

418 3955 604 4038 referendo,
629 3955 675 4019 sic
698 3956 739 4021 ad
761 3957 934 4020 secundam
960 3961 992 4020 et
1014 3956 1144 4022 tertiam
1168 3960 1200 4019 et
1224 3955 1264 4019 ad
1286 3954 1436 4038 reliquas,
1464 3953 1511 4017 ita
1533 3955 1570 4016 ut
1592 3949 1689 4015 tertia

288 4113 291 4120 ,
420 4063 563 4128 dissonet
586 4084 659 4127 cum
682 4065 836 4147 secunda,
862 4068 1074 4149 quartavero
1098 4067 1267 4142 consonet,
1293 4063 1393 4126 etita
1416 4062 1455 4126 de
1483 4058 1600 4124 ceteris
1626 4057 1687 4121 hoc

417 4171 513 4237 modo
536 4176 625 4236 ratus
649 4173 727 4237 ordo
750 4171 953 4237 monstrabit.

503 4278 549 4346 Ut
571 4284 680 4344 autem
701 4281 916 4345 inconsonum
938 4280 1076 4344 sciamus
1101 4279 1230 4361 evitare,
1257 4297 1434 4343 consonum
1457 4298 1532 4340 vero
1558 4274 1686 4360 eligere,

419 4387 561 4451 dicemus
585 4387 802 4471 discrepantes
825 4409 920 4452 voces
945 4409 1015 4452 esse
1038 4392 1112 4470 tres,
1144 4387 1295 4454 videlicet
1318 4385 1500 4467 secundam,
1530 4385 1687 4468 quartam,

506 4622 514 4659 ¹
533 4619 598 4690 Vgl.
617 4619 735 4675 Pietro
754 4621 858 4690 Aron,
877 4620 1027 4676 madero
1045 4620 1099 4688 III,
1119 4619 1168 4674 fol.
1182 4619 1250 4674 18v.
