3742 5528
794 1135 1078 1234 Tractatus
1114 1101 1342 1235 tertius

440 1381 442 1388 ⁸
552 1393 598 1464 In
630 1365 704 1485 quo
738 1393 783 1463 de
814 1392 911 1465 tonis
935 1392 1019 1462 sive
1051 1392 1170 1463 modis
1202 1401 1266 1464 aut
1297 1391 1413 1486 tropis
1446 1392 1557 1485 plena

884 1547 1047 1642 cognitio
1066 1547 1229 1641 ponitur.

426 1731 681 1867 Rhenanus
704 1732 804 1818 igitur
833 1732 873 1795 ad
899 1731 1004 1816 ipsam
1026 1732 1168 1796 musicae
1198 1733 1351 1816 speciem,
1382 1754 1463 1816 quae
1490 1735 1593 1796 totam
1619 1731 1694 1794 har-

498 1841 625 1906 moniae
648 1842 714 1904 1111
738 1841 853 1905 dicitur
876 1840 1050 1904 continere.
1097 1839 1178 1903 Ourn
1201 1840 1301 1925 igitur
1325 1861 1363 1903 ex
1386 1844 1459 1904 octo
1482 1840 1614 1905 vocibus
1636 1838 1693 1902 fiat

427 1953 552 2033 septem
582 1948 822 2014 continentibus
850 1946 1035 2029 intervalla,
1066 1947 1206 2030 quinque
1238 1969 1313 2011 vero
1344 1952 1439 2011 tonos
1467 1968 1539 2010 eum
1568 1947 1692 2011 duobus

428 2057 618 2139 semitoniis,
643 2057 784 2139 septenis
808 2055 864 2120 fiet
886 2056 1000 2132 modis,
1032 2055 1192 2139 quoniam,
1223 2055 1250 2118 si
1275 2077 1313 2119 ex
1337 2055 1486 2138 diapente
1517 2060 1548 2118 et
1575 2055 1693 2119 diates-

427 2187 524 2230 saron
546 2169 633 2230 recte
658 2164 824 2229 conficitur
848 2168 880 2228 et
903 2165 1054 2246 diapente
1071 2166 1223 2247 Ι1111111,
1254 2163 1454 2228 diatessaron
1483 2184 1559 2227 vero
1589 2164 1692 2228 tribus

328 2269 331 2278 '
428 2275 532 2338 modis
548 2273 592 2354 fit,
618 2272 811 2355 relinquitur
833 2273 937 2355 ipsam
953 2272 1255 2355 diapasonseptem
1277 2273 1381 2335 modis
1405 2293 1474 2335 esse
1497 2271 1691 2335 variandam.

427 2382 472 2447 Ut
501 2380 603 2466 igitur
636 2403 653 2444 1
689 2379 1014 2463 proslambanomene
1047 2378 1220 2457 ordiamur,
1251 2401 1352 2464 usque
1383 2401 1471 2443 mese
1503 2380 1563 2443 erit
1590 2378 1693 2463 prima

426 2489 566 2573 species,
601 2510 683 2572 quae
715 2487 868 2551 diuiditur
902 2488 938 2551 11
968 2475 1172 2551 diatessaron
1206 2491 1238 2551 et
1270 2488 1419 2571 diapente
1450 2509 1508 2571 per
1542 2485 1693 2551 lichanon

427 2585 570 2681 hypaton
606 2596 801 2660 dividentem
834 2594 987 2659 chordam
1019 2616 1077 2678 per
1105 2596 1256 2658 medium.
1310 2595 1452 2659 Habebit
1483 2593 1583 2680 igitur
1613 2593 1693 2658 haec

427 2705 551 2787 species
575 2703 729 2786 diapason
752 2703 890 2787 primam
918 2704 1119 2767 diatessaron
1141 2704 1196 2766 cd
1218 2725 1289 2766 cum
1316 2703 1420 2786 prima
1448 2703 1598 2786 diapente
1626 2704 1691 2783 111,

428 2813 579 2896 quoniam
614 2810 820 2877 semitonium
855 2811 1021 2895 utriusque
1054 2811 1094 2875 11
1124 2812 1264 2876 secundo
1302 2811 1477 2877 collocatur
1513 2811 1692 2876 intervallo.

427 2919 574 2984 Secunda
605 2919 729 3004 species
763 2920 918 3003 diapason
953 2921 1014 2983 erit
1049 2920 1088 2983 ab
1121 2918 1239 3003 hypate
1270 2919 1415 3003 hypaton
1448 2921 1481 2982 in
1515 2931 1691 3002 paramese,

427 3050 508 3111 quae
533 3027 686 3092 dividitur
712 3050 770 3111 per
793 3027 946 3091 chordam
970 3026 1150 3112 aequaliter
1172 3028 1278 3092 medio
1303 3028 1437 3093 divisam
1468 3050 1526 3111 per
1553 3027 1693 3111 hypaten

427 3158 549 3200 meson.
588 3136 730 3200 Habebit
747 3158 824 3221 ergo
844 3136 1016 3200 secundam
1033 3135 1233 3200 diatessaron
1251 3137 1374 3201 scilicet
1396 3137 1445 3199 be
1468 3139 1501 3200 et
1522 3137 1693 3200 secundam

427 3244 576 3330 diapente
611 3244 736 3308 seilicet
769 3236 831 3327 eb,
868 3245 1019 3328 quoniam
1053 3244 1259 3309 semitonium
1294 3249 1364 3327 (pag.
1382 3248 1429 3327 41)
1460 3245 1625 3329 utriusque
1659 3243 1692 3307 in

426 3351 529 3435 primo
564 3351 741 3415 collocatur
773 3351 959 3433 intervallo,
994 3351 1055 3417 hoe
1091 3355 1140 3416 est
1173 3353 1206 3416 in
1240 3353 1395 3419 inferiori.
1451 3352 1562 3417 Tertia
1594 3351 1693 3436 igitur

427 3458 550 3542 species
572 3460 672 3523 totius
696 3463 870 3524 concentus
893 3459 949 3524 fiet
972 3483 990 3523 a
1013 3459 1191 3543 parhypate
1215 3458 1359 3544 hypaton
1387 3462 1421 3524 in
1443 3461 1519 3525 trite
1543 3460 1692 3544 diezeug-

426 3558 552 3649 men‘on,
579 3589 660 3650 quae
677 3566 830 3631 dividitur
844 3570 880 3630 ut
898 3567 980 3630 aliae
1001 3568 1035 3630 in
1055 3566 1255 3651 parhypaten
1271 3591 1392 3632 meson.
1432 3566 1574 3632 Habebit
1592 3567 1693 3653 igitur

425 3675 556 3738 tertiam
585 3673 726 3757 speciem
758 3674 957 3738 diatessaron
989 3679 1020 3738 et
1052 3675 1181 3739 tertiam
1215 3677 1378 3759 diapente,
1415 3677 1566 3761 quoniam
1597 3675 1693 3738 semi·

425 3781 551 3846 tonium
582 3782 782 3846 diatessaron
811 3781 846 3846 in
877 3781 975 3846 tertio
1007 3782 1184 3847 collocatur
1212 3783 1383 3847 intervallo
1419 3788 1451 3848 et
1480 3784 1628 3867 diapente
1658 3783 1692 3845 in

426 3894 567 3972 qua1t01.
615 3888 770 3966 Quartam
792 3911 870 3954 vero
898 3889 1038 3973 speciem
1066 3891 1222 3974 diapason
1249 3891 1329 3955 facis
1353 3915 1372 3955 a
1392 3891 1521 3956 lichano
1549 3891 1692 3974 hypaton

424 3996 459 4060 in
480 4001 658 4080 paraneten
674 3997 928 4082 diezeugmenon
952 3997 1123 4062 dividendo
1139 4020 1197 4082 per
1219 3996 1371 4063 lichanon
1389 4020 1510 4063 meson.
1550 3997 1692 4065 Habebit

424 4103 525 4189 igitur
554 4108 668 4189 quarta
697 4105 820 4188 speeies
850 4105 1005 4188 diapason
1037 4090 1174 4188 primam
1207 4107 1421 4188 diatessaron,
1456 4109 1512 4171 sed
1546 4111 1692 4191 quartam

428 4211 588 4296 diapente,
614 4212 765 4297 quoniam
794 4213 1001 4277 semitonium
1026 4213 1060 4276 11
1083 4215 1180 4279 111111
1205 4215 1381 4280 collocatur
1401 4213 1572 4278 intervallo
1604 4215 1692 4278 etin
1724 4238 1726 4242 ’

427 4317 488 4384 hoc
512 4343 531 4385 a
553 4321 657 4403 prima
688 4320 795 4404 speeie
823 4320 902 4384 satis
931 4321 1137 4405 cognoscitur
1165 4323 1304 4386 differre.
1349 4321 1469 4386 Verum
1492 4323 1519 4386 si
1542 4323 1691 4406 diapente

1581 4484 1687 4494 ———

543 4567 631 4618 arato.
