3734 5572
983 361 1221 426 ,100-

466 540 570 625 prima
584 560 647 604 vox
669 536 737 602 sive
760 534 880 601 chorda
894 558 923 618 a,
949 536 1089 601 secunda
1103 557 1180 600 vero
1202 537 1308 620 prime
1330 525 1345 600 Π
1363 536 1449 602 idest
1466 536 1571 621 prima
1592 519 1730 602 lmollis

467 648 650 714 coniuncta.¹
681 645 744 710 Hic
766 645 852 710 enim
874 644 1028 709 transitus
1051 644 1157 710 bonus
1180 648 1238 726 est,
1263 643 1415 729 quoniam
1436 666 1496 729 per
1517 643 1730 727 semitonium,

467 756 553 842 quod
575 753 775 840 symphoniis
798 753 978 837 adaptetur,
1003 752 1122 818 distare
1143 738 1232 817 visae
1255 756 1337 817 sunt.
1378 752 1443 818 Sed
1466 775 1486 817 a
1506 752 1611 837 prima
1633 740 1731 816 tint

466 859 621 925 transitus
650 880 716 922 non
746 857 797 941 fit,
828 856 980 941 quoniam
1009 855 1090 920 illud
1119 856 1326 921 semitonium
1354 878 1420 922 non
1452 860 1615 940 cantatur,
1649 857 1731 941 quod

467 971 617 1053 apotome
645 970 796 1032 vocatum
824 969 882 1030 est.
927 964 1043 1048 Aqua
1065 965 1083 1028 b
1104 963 1178 1030 inc
1205 964 1326 1030 bonum
1354 963 1561 1029 semitonium
1589 967 1648 1047 est,
1677 966 1731 1029 sed

467 1076 581 1140 acin
606 1074 713 1160 prima
734 1063 903 1155 lmalum3
931 1073 973 1137 ab
994 1071 1058 1136 ista
1088 1071 1123 1136 in
1149 1073 1171 1136 d
1196 1072 1332 1154 bonum,
1361 1094 1381 1136 a
1410 1094 1472 1156 qua
1498 1071 1533 1136 in
1560 1059 1731 1136 secundat

466 1181 616 1247 similiter
638 1182 773 1260 bonum3
804 1204 824 1245 a
846 1179 965 1265 quain
988 1179 1156 1263 amalum,
1185 1180 1243 1244 sed
1270 1182 1311 1245 ab
1333 1201 1350 1244 e
1370 1177 1405 1243 i'n
1426 1178 1449 1262 f
1469 1181 1599 1246 bonum.
1645 1179 1736 1261 Abs

466 1312 543 1355 vero
564 1290 601 1355 in
622 1289 763 1354 secunda
784 1278 801 1364 Π
818 1288 949 1371 malum,
973 1288 1030 1352 sed
1054 1288 1094 1354 ab
1115 1287 1181 1352 ista
1201 1287 1237 1352 in
1255 1309 1277 1372 9
1298 1288 1429 1370 bonum,
1455 1309 1474 1352 a
1497 1286 1616 1371 quain
1637 1285 1732 1351 tertia

465 1386 652 1463 &similiter
673 1399 804 1462 bonum.
838 1384 1011 1461 dtertial?
1028 1395 1063 1460 in
1078 1395 1247 1478 tmolum,
1269 1396 1309 1462 ab
1324 1395 1556 1460 leinc'sivein
1572 1383 1588 1456 Π
1603 1394 1729 1476 bonum,

467 1488 542 1571 abt
564 1505 599 1569 in
621 1498 637 1586 Π
655 1504 776 1569 malum
800 1509 833 1568 et
848 1503 1008 1587 deinceps.
1046 1503 1099 1567 Ad
1119 1503 1204 1568 hunc
1219 1504 1351 1568 modum
1372 1502 1407 1567 in
1430 1503 1496 1567 suis
1512 1502 1634 1568 octavis
1649 1502 1731 1566 mala

465 1613 569 1697 malie,
593 1613 680 1678 bons
700 1634 778 1677 vero
800 1611 895 1677 bonis
918 1612 1179 1694 correspondent.

553 1720 722 1785 'I'ransitus
746 1723 853 1784 autem
876 1723 1027 1784 tonorum
1054 1719 1212 1784 bonorum
1240 1723 1337 1803 atque
1362 1718 1556 1801 malorum*,
1589 1717 1644 1802 qui
1670 1738 1732 1782 non

467 1829 508 1894 ad
534 1832 723 1913 sequentem
750 1827 807 1892 sed
834 1849 898 1891 una
926 1826 1063 1912 [scilicet
1090 1831 1182 1908 voce]
1212 1849 1340 1910 semper
1365 1827 1400 1890 in
1430 1826 1492 1892 hoc
1520 1825 1731 1890 instrumento

465 1937 573 2002 medio
597 1936 728 2002 dimissa
749 1934 795 2018 fit,
819 1934 865 2000 sic
888 1934 1081 1999 declaratur:
1120 1933 1171 1999 Ab
1194 1957 1215 1998 a
1236 1934 1270 1998 in
1293 1935 1311 1998 b
1333 1939 1428 2000 tonus
1448 1934 1553 2000 bonus
1577 1938 1635 2016 est,
1660 1932 1732 2017 quia

467 2068 506 2110 ex
529 2043 700 2110 semitonio
722 2043 838 2130 maiori
860 2046 956 2127 atque
979 2042 1097 2114 minori
1124 2042 1336 2128 componitur,
1366 2047 1398 2108 at
1421 2065 1440 2108 a
1465 2043 1571 2127 prima
1593 2029 1732 2106 lmollis

466 2152 637 2242 coniuncte
657 2151 692 2216 in
715 2150 902 2217 csimiliter.
942 2150 1065 2215 Eodem
1087 2151 1183 2217 modo
1207 2173 1226 2216 a
1248 2150 1391 2216 litteral)
1412 2151 1446 2215 in
1461 2151 1565 2235 prima
1583 2153 1613 2232 Π,
1638 2171 1732 2233 aqua

466 2241 507 2327 ad
533 2260 707 2326 secundam
729 2247 876 2323 tmalus.
926 2258 1050 2323 Eodem
1077 2259 1173 2324 modo
1200 2281 1220 2323 a
1248 2258 1389 2324 secunda
1410 2251 1427 2337 Π
1445 2260 1486 2324 ad
1514 2257 1644 2323 tertiam
1667 2242 1733 2320 tet

463 2368 499 2433 in
522 2369 588 2433 suis
611 2367 733 2433 octavis
756 2366 961 2431 similiter**.
1000 2365 1110 2432 Ceteri
1124 2387 1201 2432 vero
1217 2367 1372 2432 transitus
1388 2372 1539 2433 tonorum
1553 2388 1619 2430 una
1632 2365 1732 2429 inter-

465 2477 564 2542 missa
587 2473 714 2560 semper
736 2475 857 2562 singuli
880 2478 956 2539 sunt
981 2475 1067 2540 boni.
1114 2474 1351 2541 'hihemitonia
1379 2497 1456 2540 vero
1485 2474 1608 2540 duabus
1634 2473 1733 2537 inter-

465 2585 572 2650 missis
595 2585 715 2669 ubique
738 2588 813 2648 sunt
834 2584 930 2666 bona,
954 2581 1017 2647 nisi
1041 2605 1113 2648 cnm
1137 2582 1215 2648 ordo
1239 2582 1447 2648 accidentalis
1470 2583 1565 2649 alteri
1587 2580 1734 2648 acciden·
1816 2629 1817 2676 ,

465 2694 525 2758 tali
552 2691 719 2776 miscetur,
747 2695 784 2756 ut
812 2714 831 2756 a
858 2690 962 2775 prima
988 2679 1057 2756 tin
1084 2691 1190 2775 prima
1211 2681 1229 2765 Π
1248 2695 1281 2756 et
1307 2715 1327 2757 a
1352 2691 1493 2758 secunda
1520 2679 1595 2756 tad
1621 2711 1733 2755 seeun-
1816 2677 1817 2714 l

466 2802 540 2865 dam
558 2793 583 2880 Π.
628 2799 771 2884 Ideoque
798 2787 1018 2866 certarnen
1046 2804 1096 2865 est
1122 2799 1208 2864 bona
1236 2821 1308 2864 cum
1326 2788 1369 2880 Π
1397 2799 1536 2864 Ditonus
1564 2820 1651 2882 vero,
1680 2796 1733 2882 qui

467 2912 604 2993 quatuor
624 2908 662 2972 fit
682 2905 885 2991 intermissis,
909 2907 1029 2992 ubique
1054 2911 1104 2972 est
1124 2908 1239 2990 bonus,
1267 2907 1331 2973 nisi
1353 2930 1372 2972 a
1393 2906 1504 2972 littera
1525 2907 1543 2970 b
1564 2905 1600 2970 in
1622 2926 1734 2970 secun-

466 3017 541 3080 dam
563 3003 579 3079 Π
598 3015 785 3100 staprima
806 3007 875 3093 Πὶιι
896 3015 995 3099 fnec
1011 3016 1052 3079 ab
1075 3036 1091 3079 e
1111 3013 1147 3079 in
1161 3015 1293 3079 tertiam
1315 3006 1408 3080 tneo
1432 3038 1451 3079 a
1470 3015 1610 3080 secunda
1632 2997 1733 3094 linl'

465 3124 518 3189 vel
538 3123 574 3188 in
595 3125 610 3188 c'
633 3127 667 3212 et
685 3123 734 3188 ita
747 3123 782 3187 in
796 3122 933 3188 istormn
948 3122 1079 3188 octavis
1102 3122 1329 3188 ‘Diatessaron
1343 3145 1431 3207 vero,
1456 3145 1538 3208 quae
1553 3123 1594 3188 ad
1609 3126 1732 3187 sextam

463 3231 500 3297 in
514 3230 576 3298 hoc
597 3232 812 3296 instrumento
828 3230 865 3294 fit
887 3252 1015 3313 semper
1029 3251 1150 3314 vocem,
1174 3230 1293 3315 ubique
1314 3235 1363 3296 est
1376 3231 1463 3298 bona
1477 3231 1540 3296 nisi
1563 3255 1582 3296 a
1604 3217 1734 3296 tertial’
1815 3251 1816 3276 ³

465 3339 500 3403 in
522 3339 652 3404 tertiam
674 3331 690 3418 Π
710 3343 743 3402 et
764 3339 799 3403 in
815 3338 880 3404 suis
897 3338 1027 3403 octaris.
1067 3338 1228 3422 Dispente
1244 3361 1331 3423 vero,
1356 3361 1437 3424 quae
1460 3339 1497 3403 fit
1511 3339 1561 3430 ad
1576 3345 1733 3420 octavam,

466 3447 585 3532 ubique
610 3450 659 3512 est
680 3446 768 3530 bona
785 3449 915 3530 praeter
931 3451 1026 3530 quam
1042 3469 1061 3512 a
1076 3446 1181 3531 prima
1198 3437 1232 3527 Π1
1257 3447 1378 3531 quadro
1400 3446 1436 3536 in
1458 3447 1589 3512 tertiam
1605 3437 1631 3527 l,
1657 3468 1735 3531 quo·

464 3555 553 3619 niam
580 3555 620 3619 sd
648 3558 794 3639 quartam
817 3538 902 3618 test
929 3553 1080 3638 diapente
1107 3554 1261 3640 perfecta.
1307 3555 1358 3619 De
1384 3559 1476 3620 sexta
1502 3577 1578 3620 vero
1605 3553 1733 3637 minori,
1814 3593 1815 3628 3

466 3685 548 3748 quae
564 3663 605 3727 ad
619 3667 738 3750 nonam
761 3684 889 3746 semper
908 3661 946 3726 fit
961 3661 1122 3744 chordam,
1147 3661 1230 3727 sicut
1253 3663 1292 3727 de
1313 3663 1411 3727 tertia
1425 3663 1543 3728 minori
1565 3662 1731 3727 sentimus.

533 3875 536 3886 ’
553 3879 562 3914 ¹
580 3876 609 3928 b.

551 3961 663 4015 *Haec
687 3959 727 4014 sit
749 3960 844 4015 brevis
869 3960 1028 4016 conclusio:
1054 3960 1153 4016 Omnis
1171 3963 1257 4017 tonus
1280 3961 1311 4016 in
1330 3961 1438 4017 chorda
1455 3961 1625 4032 dispositus,
1650 3962 1732 4019 cuius

466 4047 587 4103 extremi
605 4046 668 4102 soni
685 4047 885 4114 sesquioctava
901 4047 1088 4117 proportione
1101 4047 1220 4103 adducti
1232 4047 1378 4118 incipiunt
1390 4065 1490 4103 sonum
1504 4048 1734 4118 distinguentem

466 4135 522 4189 duo
546 4133 659 4189 scilicet
680 4131 815 4201 aequalia
836 4133 990 4188 semitonia
1012 4131 1115 4203 quovis
1137 4134 1234 4204 modo,
1259 4135 1351 4189 bonus
1375 4137 1421 4190 est
1443 4135 1473 4188 et
1491 4137 1598 4202 rectus,
1618 4134 1733 4190 etiamsi

465 4219 586 4276 extremi
604 4219 668 4274 soni
686 4219 833 4274 coniuncti
851 4218 911 4273 sint
928 4219 989 4273 sive
1008 4219 1076 4274 ficti.

552 4307 585 4342 *⁴¹
603 4305 634 4361 Si
651 4305 728 4360 mala
746 4303 901 4361 semitonia
918 4306 1002 4360 malis
1015 4306 1046 4359 in
1058 4305 1118 4360 suis
1132 4306 1242 4361 octavis
1254 4308 1332 4360 recte
1346 4307 1580 4376 correspondent,
1594 4307 1734 4377 diapason
1813 4289 1814 4304 Π

465 4392 604 4462 optimam
628 4392 880 4446 consonantiarum
903 4391 1068 4462 perficiunt,
1095 4410 1164 4462 ergo
1186 4393 1270 4448 bona.
1313 4392 1387 4448 Sunt
1410 4393 1487 4447 enim
1508 4392 1562 4447 illa
1580 4393 1734 4449 semitonia
1813 4399 1814 4411 ¹

465 4477 581 4547 maiora,
600 4495 720 4546 quorum
738 4479 893 4534 intervalla
910 4478 1106 4535 consonantiis
1119 4478 1306 4548 incipiuntur,
1326 4478 1401 4535 sicut
1414 4483 1444 4534 et
1456 4479 1567 4536 minora
1579 4480 1735 4536 semitonia

464 4565 549 4620 bona.
585 4564 677 4619 Aliter
695 4581 793 4620 omnes
813 4565 1019 4620 consonantiae
1042 4569 1140 4621 essent
1162 4565 1349 4636 imperfectae
1372 4566 1419 4622 vel
1442 4566 1603 4636 superfluae
1626 4569 1655 4622 et
1675 4567 1734 4622 dis·

464 4667 551 4706 sonae
570 4653 658 4718 atque
675 4650 913 4706 indimensibiles.
