3742 5528
946 349 998 398 -.
1034 311 1075 376 16
1119 350 1162 360 -.

407 485 569 569 ,superius
599 486 707 551 datam
734 506 848 549 sonum
878 483 1005 549 emittit.
1051 483 1145 548 Nunc
1175 487 1284 548 autem
1313 505 1379 548 non
1410 503 1522 547 omnes
1550 481 1690 547 chordae

424 593 569 658 eiusdem
591 593 757 680 grossitiei
779 614 839 657 nec
863 593 974 656 eadem
999 592 1185 656 extensione
1209 595 1284 656 sunt
1306 595 1515 675 temperatae.
1560 590 1638 655 Ideo
1662 590 1692 654 si

425 722 444 765 a
466 701 623 766 memoria
645 701 776 766 caderet
799 699 1012 765 creberrimus
1027 699 1169 764 musicae
1191 721 1278 782 usus,
1303 699 1586 764 consonantiarum
1608 698 1692 762 veri-

423 812 524 873 tatem
546 831 605 892 per
626 809 689 874 ista
712 806 931 873 monochorda
954 808 1086 872 minime
1108 807 1254 872 invenire
1277 827 1453 891 possemus,
1483 807 1540 871 sed
1564 807 1605 870 ad
1625 807 1693 888 pri-

424 937 513 980 orem
546 915 737 980 divisionem
764 919 966 980 recurrentes
997 937 1094 980 sonos
1126 919 1382 980 connotaremua.
1436 913 1471 979 Si
1504 913 1574 999 quia
1606 913 1692 978 enim

423 1019 511 1084 istud
534 1020 736 1084 concorditer
757 1023 867 1102 aptare
890 1019 1038 1098 voluerit,
1063 1020 1104 1082 ad
1125 1019 1228 1083 nostri
1250 1018 1457 1083 instrumenti
1480 1039 1595 1084 sonum
1617 1039 1692 1082 con-

425 1130 579 1211 vertatur,
611 1131 643 1191 et
664 1127 722 1192 illo
750 1148 910 1211 perpenso
936 1127 1024 1191 istud
1047 1131 1229 1212 cognoscet.
1276 1126 1360 1192 Sunt
1385 1130 1495 1190 tamen
1522 1125 1631 1210 aliqua
1654 1147 1693 1188 ex

424 1234 517 1299 novis
539 1234 757 1300 monochorda
778 1257 875 1299 unam
897 1229 1052 1300 habentia
1075 1237 1146 1320 (pag.
1161 1237 1213 1318 14.)
1231 1234 1386 1318 diapason
1409 1235 1449 1298 ad
1471 1238 1598 1317 partem
1621 1255 1694 1298 acu-

426 1342 543 1407 tiorem
565 1343 629 1407 isto
651 1344 748 1408 modo
772 1342 922 1422 divisam3
951 1343 1104 1426 quoniam
1131 1363 1187 1408 sex
1210 1342 1326 1406 saltem
1349 1341 1487 1406 chordae
1515 1341 1574 1405 illo
1597 1341 1692 1405 modo

427 1454 502 1522 sunt
528 1455 727 1534 temperatae
758 1456 790 1515 et
819 1451 963 1516 eiusdem
993 1455 1067 1514 sunt
1095 1451 1268 1536 grossitiei,
1305 1455 1337 1514 et
1368 1453 1444 1514 tunc
1475 1468 1609 1514 acumen
1639 1451 1695 1510 aut

427 1558 622 1644 gravitatem
651 1581 750 1641 parva
778 1557 831 1622 vel
858 1580 976 1644 magna
1003 1558 1194 1622 chordarum
1221 1557 1428 1641 intercapedo
1457 1562 1607 1622 tonorum
1638 1560 1693 1620 aut

429 1665 564 1729 aliarum
582 1665 762 1748 specierum
785 1666 960 1730 secundum
983 1665 1328 1731 commensurationem
1343 1665 1562 1748 proportionis
1586 1661 1691 1727 eflicit.

429 1772 494 1837 Sed
517 1795 598 1856 quae
622 1773 669 1836 ita
692 1778 767 1837 sunt
789 1773 883 1856 facta,
912 1773 1066 1838 facillime
1089 1776 1318 1856 temperantur,
1349 1773 1500 1856 quoniam
1521 1771 1693 1854 unicuique

429 1901 509 1944 sono
534 1879 677 1944 eiusdem
701 1881 856 1964 diapason
879 1902 937 1944 sua
960 1885 1073 1945 octava
1095 1879 1249 1945 facillime
1273 1880 1493 1944 concordatur.

517 1986 599 2052 Sunt
623 1989 750 2068 atalia,
781 2010 917 2072 quorum
940 1988 1078 2053 chordae
1102 1993 1177 2054 sunt
1199 1987 1362 2053 contrario
1385 1988 1481 2052 modo
1505 1985 1692 2070 dispositae,

431 2096 586 2179 'quoniam
614 2100 735 2180 quanto
760 2097 880 2182 digitus
904 2096 1124 2180 superpositus
1153 2098 1194 2161 ad
1215 2096 1337 2179 locum,
1369 2096 1403 2159 in
1432 2116 1494 2179 quo
1518 2098 1695 2178 torquetur,

431 2202 676 2287 appropinquat,
705 2208 797 2269 tanto
825 2227 921 2269 sonos
948 2206 1086 2269 reddunt
1112 2205 1277 2290 graviores
1306 2208 1339 2268 et
1362 2226 1379 2267 e
1403 2207 1526 2285 contra,
1558 2207 1595 2266 ut
1616 2201 1695 2285 lyra.

433 2310 498 2375 Sed
520 2310 582 2375 hoc
604 2316 735 2376 nostrae
760 2313 910 2377 divisioni
932 2335 998 2378 non
1021 2314 1138 2394 obstat,
1164 2313 1315 2396 quoniam
1332 2312 1524 2377 chordarum
1545 2309 1696 2394 impulsio

431 2441 495 2483 non
519 2419 556 2483 fit
572 2441 610 2484 ex
632 2424 724 2504 parte
740 2420 866 2485 mediae
889 2419 1027 2486 chordae
1043 2444 1121 2485 -a
1142 2421 1214 2485 loco
1239 2420 1371 2503 scilicet,
1397 2443 1415 2483 a
1433 2441 1495 2504 qno
1519 2422 1695 2502 torquetur,

432 2527 472 2590 ad
495 2528 515 2590 h
537 2565 589 2610 -,
614 2527 797 2592 sedeloco
819 2528 979 2614 ligaturae
1004 2529 1044 2592 ad
1063 2529 1093 2592 h.
1130 2527 1183 2593 Sic
1207 2550 1284 2614 ergo
1301 2532 1421 2614 quanto
1445 2527 1564 2614 digitus
1588 2548 1698 2610 super-

430 2635 555 2718 positus
578 2635 682 2721 magis
706 2637 943 2720 appropinquat
970 2637 1130 2722 ligaturae
1153 2620 1305 2720 chordae,
1334 2639 1425 2700 tanto
1453 2657 1550 2700 sonus
1573 2635 1699 2698 acutior

433 2743 503 2826 erit,
534 2744 686 2826 quoniam
709 2743 829 2809 chorda
851 2744 993 2824 brevior,
1026 2743 1060 2808 et
1081 2749 1201 2829 quanto
1223 2745 1328 2831 magis
1358 2745 1399 2808 ad
1424 2743 1543 2827 locum,
1571 2742 1606 2807 in
1635 2764 1698 2826 quo

432 2854 609 2935 torquetur,
642 2853 888 2938 appropinquat,
918 2857 1009 2918 tanto
1033 2853 1162 2939 gravius
1186 2858 1288 2935 sonat,
1320 2852 1395 2936 quia
1421 2852 1550 2938 longior
1580 2850 1700 2915 chorda

434 2962 491 3024 est.
539 2957 575 3023 Si
602 2957 664 3024 hoc
692 2961 792 3046 igitur
818 2961 1068 3025 instrumentum
1097 2961 1239 3025 dividere
1270 2959 1480 3042 voluerimus,
1509 2959 1699 3042 permutatis

432 3066 551 3131 litteris
580 3069 851 3152 transpositisque
880 3069 966 3133 idern
998 3069 1137 3152 eveniet,
1168 3067 1230 3133 hoc
1260 3072 1321 3132 est:
1351 3069 1373 3132 b
1398 3067 1517 3150 littera,
1548 3069 1584 3130 ut
1611 3067 1699 3152 prius

435 3179 513 3257 erat,
538 3175 645 3240 media
660 3181 847 3241 remanente
870 3180 1099 3260 transponatur
1121 3199 1140 3260 q
1164 3177 1204 3240 ad
1225 3176 1333 3241 locum
1355 3197 1376 3240 a
1399 3179 1432 3240 et
1453 3197 1475 3238 a
1497 3175 1537 3239 ad
1559 3174 1700 3256 locumq

436 3286 468 3346 et
489 3282 633 3367 reliquae
656 3284 784 3348 litterae
808 3306 1019 3368 unaquaeque
1041 3284 1076 3349 in
1099 3284 1232 3349 alterius
1254 3284 1362 3349 locum
1390 3283 1633 3348 transferantur.

521 3389 581 3454 Est
603 3394 712 3456 autern
734 3396 829 3456 tonus
852 3393 887 3457 in
903 3393 965 3458 duo
989 3393 1161 3457 semitonia
1177 3391 1298 3456 divisus
1320 3393 1355 3457 in
1379 3391 1524 3476 quolibet
1545 3412 1701 3456 novorum

436 3496 723 3564 instrumentorum
746 3499 900 3583 perfecto,
932 3500 1027 3566 sicuti
1049 3505 1160 3566 nostro
1185 3502 1300 3584 [tonus]
1329 3523 1434 3565 meses
1464 3503 1496 3563 et
1518 3520 1701 3583 parameses

434 3627 494 3690 per
508 3606 584 3671 trite
601 3629 841 3690 synemmenon,
865 3608 903 3673 de
921 3630 983 3692 qua
1000 3608 1156 3674 divisione
1172 3609 1360 3693 paulopost
1376 3608 1527 3673 dicemus.
1566 3605 1702 3684 Quando

436 3736 513 3778 vero
537 3719 648 3780 tonum
672 3716 705 3779 in
728 3715 848 3781 talibus
871 3715 978 3782 facere
994 3717 1201 3800 voluerimus,
1226 3717 1304 3781 duas
1320 3716 1512 3781 chordarum
1529 3715 1702 3779 divisiones

436 3822 573 3886 transire
589 3845 648 3886 nos
665 3823 801 3888 decebit.
840 3824 879 3888 In
901 3823 963 3889 hoc
985 3825 1085 3910 igitur
1107 3825 1322 3889 instrumento
1345 3845 1446 3908 usque
1470 3823 1511 3887 ad
1531 3822 1703 3887 semitonia

437 3931 483 3996 sic
506 3931 608 3995 diviso
631 3930 739 4014 plures
768 3932 906 3996 chordae
934 3937 1109 4016 ponuntur,
1141 3932 1223 3996 ah‘ae
1247 3931 1371 3996 scilicet
1398 3931 1589 4018 grossiores,
1620 3931 1701 3995 aliae

436 4060 512 4103 vero
542 4039 735 4104 subtiliores.
789 4039 931 4104 Utuntur
958 4046 1066 4118 autem
1093 4063 1179 4104 nunc
1209 4041 1349 4125 quinque
1379 4041 1425 4105 sic
1456 4039 1633 4122 dispositis,
1663 4045 1702 4120 ,ut

436 4147 579 4232 grossior
605 4147 639 4210 in
662 4151 731 4211 tota
762 4169 820 4211 sua
843 4150 1030 4213 extensione
1053 4152 1147 4212 sonet
1172 4152 1252 4212 tono
1280 4148 1340 4212 sub
1367 4147 1700 4231 proslambanomene,

439 4254 525 4338 quod
548 4255 682 4318 dicimus
706 4254 729 4317 Γ
751 4261 796 4334 ut,
828 4256 968 4320 secunda
989 4255 1168 4340 parhypate
1190 4255 1335 4340 hypaton
1358 4255 1557 4320 diatessaron
1582 4255 1702 4322 distans

438 4362 479 4426 ab
504 4384 549 4438 ea,
577 4361 674 4427 tertia
696 4361 835 4445 hypate1
863 4385 976 4428 meson
1003 4365 1114 4428 ditono
1145 4363 1241 4427 altior
1262 4363 1338 4441 ista,
1368 4363 1425 4426 sed
1452 4366 1566 4447 quarta
1592 4383 1702 4426 mesen

526 4598 534 4633 ¹
552 4594 689 4651 lichanos.
