<?xml version="1.0" encoding="UTF-8"?>
<!DOCTYPE html PUBLIC "-//W3C//DTD XHTML 1.0 Transitional//EN"
    "http://www.w3.org/TR/xhtml1/DTD/xhtml1-transitional.dtd">
<html xmlns="http://www.w3.org/1999/xhtml" xml:lang="en" lang="en">
 <head>
  <title>
</title>
<meta http-equiv="Content-Type" content="text/html;charset=utf-8" />
  <meta name='ocr-system' content='tesseract 3.04.00' />
  <meta name='ocr-capabilities' content='ocr_page ocr_carea ocr_par ocr_line ocrx_word'/>
</head>
<body>
  <div class='ocr_page' id='page_1' title='image "./musicapracticab00wolfgoog/musicapracticab00wolfgoog_0128.png"; bbox 0 0 3734 5572; ppageno 0'>
   <div class='ocr_carea' id='block_1_1' title="bbox 695 230 933 294">
    <p class='ocr_par' dir='ltr' id='par_1_1' title="bbox 695 230 933 294">
     <span class='ocr_line' id='line_1_1' title="bbox 695 230 933 294; baseline 0.008 -2"><span class='ocrx_word' id='word_1_1' title='bbox 695 230 933 294; x_wconf 85' lang='lat'>-.103-</span> 
     </span>
    </p>
   </div>
   <div class='ocr_carea' id='block_1_2' title="bbox 673 477 953 611">
    <p class='ocr_par' dir='ltr' id='par_1_2' title="bbox 673 419 953 611">
     <span class='ocr_line' id='line_1_2' title="bbox 673 477 953 611; baseline -0.029 -23"><span class='ocrx_word' id='word_1_2' title='bbox 673 477 953 611; x_wconf 75' lang='lat' dir='ltr'><strong>Epilogus.</strong></span> 
     </span>
    </p>
   </div>
   <div class='ocr_carea' id='block_1_3' title="bbox 180 687 1508 2935">
    <p class='ocr_par' dir='ltr' id='par_1_3' title="bbox 180 687 1508 2935">
     <span class='ocr_line' id='line_1_3' title="bbox 233 687 1508 782; baseline -0.001 -21"><span class='ocrx_word' id='word_1_3' title='bbox 233 695 349 762; x_wconf 75' lang='lat' dir='ltr'>Urna</span> <span class='ocrx_word' id='word_1_4' title='bbox 370 687 480 782; x_wconf 83' lang='lat' dir='ltr'>igitur,</span> <span class='ocrx_word' id='word_1_5' title='bbox 503 694 731 779; x_wconf 90' lang='lat' dir='ltr'>iucundissime</span> <span class='ocrx_word' id='word_1_6' title='bbox 753 688 864 777; x_wconf 82' lang='lat' dir='ltr'>lector,</span> <span class='ocrx_word' id='word_1_7' title='bbox 890 717 928 760; x_wconf 89' lang='lat' dir='ltr'>ex</span> <span class='ocrx_word' id='word_1_8' title='bbox 951 694 1058 760; x_wconf 89' lang='lat' dir='ltr'>animo</span> <span class='ocrx_word' id='word_1_9' title='bbox 1080 698 1137 760; x_wconf 93' lang='lat' dir='ltr'>tuo</span> <span class='ocrx_word' id='word_1_10' title='bbox 1161 716 1276 782; x_wconf 80' lang='lat' dir='ltr'>segnes</span> <span class='ocrx_word' id='word_1_11' title='bbox 1291 695 1446 779; x_wconf 80' lang='lat' dir='ltr'>pristinae</span> <span class='ocrx_word' id='word_1_12' title='bbox 1503 745 1508 750; x_wconf 85' lang='lat'>-</span> 
     </span>
     <span class='ocr_line' id='line_1_4' title="bbox 184 791 1490 890; baseline -0.001 -22"><span class='ocrx_word' id='word_1_13' title='bbox 184 802 188 808; x_wconf 79' lang='grc'><strong><em>’</em></strong></span> <span class='ocrx_word' id='word_1_14' title='bbox 247 797 452 890; x_wconf 85' lang='lat' dir='ltr'>ignorantiae¹</span> <span class='ocrx_word' id='word_1_15' title='bbox 462 791 599 869; x_wconf 80' lang='lat' dir='ltr'>nebulas</span> <span class='ocrx_word' id='word_1_16' title='bbox 613 807 646 868; x_wconf 90' lang='lat' dir='ltr'>et</span> <span class='ocrx_word' id='word_1_17' title='bbox 657 802 803 887; x_wconf 80' lang='lat' dir='ltr'>opusculi</span> <span class='ocrx_word' id='word_1_18' title='bbox 814 803 917 868; x_wconf 78' lang='lat' dir='ltr'>nostri</span> <span class='ocrx_word' id='word_1_19' title='bbox 926 800 1021 867; x_wconf 92' lang='lat' dir='ltr'>huius</span> <span class='ocrx_word' id='word_1_20' title='bbox 1033 802 1120 867; x_wconf 90' lang='lat' dir='ltr'>claro</span> <span class='ocrx_word' id='word_1_21' title='bbox 1132 802 1310 882; x_wconf 70' lang='lat' dir='ltr'>irradiante¹</span> <span class='ocrx_word' id='word_1_22' title='bbox 1319 802 1446 888; x_wconf 82' lang='lat' dir='ltr'>fulgore</span> <span class='ocrx_word' id='word_1_23' title='bbox 1486 870 1490 878; x_wconf 70' lang='grc'>,</span> 
     </span>
     <span class='ocr_line' id='line_1_5' title="bbox 181 906 1446 1001; baseline -0.002 -24"><span class='ocrx_word' id='word_1_24' title='bbox 181 913 306 1001; x_wconf 87' lang='lat' dir='ltr'>piceam</span> <span class='ocrx_word' id='word_1_25' title='bbox 328 914 369 979; x_wconf 90' lang='lat' dir='ltr'>ab</span> <span class='ocrx_word' id='word_1_26' title='bbox 393 911 494 997; x_wconf 83' lang='lat' dir='ltr'>oculis</span> <span class='ocrx_word' id='word_1_27' title='bbox 516 911 580 976; x_wconf 91' lang='lat' dir='ltr'>tuis</span> <span class='ocrx_word' id='word_1_28' title='bbox 595 906 728 996; x_wconf 65' lang='lat' dir='ltr'>&#39;expelle</span> <span class='ocrx_word' id='word_1_29' title='bbox 752 909 940 996; x_wconf 77' lang='lat' dir='ltr'>caliginem3</span> <span class='ocrx_word' id='word_1_30' title='bbox 969 910 1094 975; x_wconf 90' lang='lat' dir='ltr'>intuere</span> <span class='ocrx_word' id='word_1_31' title='bbox 1119 915 1152 975; x_wconf 91' lang='lat' dir='ltr'>et</span> <span class='ocrx_word' id='word_1_32' title='bbox 1175 910 1295 995; x_wconf 80' lang='lat' dir='ltr'>dispice</span> <span class='ocrx_word' id='word_1_33' title='bbox 1319 933 1446 976; x_wconf 89' lang='lat' dir='ltr'>onmem</span> 
     </span>
     <span class='ocr_line' id='line_1_6' title="bbox 181 1005 1446 1102; baseline -0.002 -17"><span class='ocrx_word' id='word_1_34' title='bbox 181 1021 265 1086; x_wconf 88' lang='lat' dir='ltr'>hanc</span> <span class='ocrx_word' id='word_1_35' title='bbox 287 1020 428 1086; x_wconf 82' lang='lat' dir='ltr'>musicae</span> <span class='ocrx_word' id='word_1_36' title='bbox 451 1005 581 1084; x_wconf 90' lang='lat' dir='ltr'>nostrae</span> <span class='ocrx_word' id='word_1_37' title='bbox 605 1017 849 1102; x_wconf 88' lang='lat' dir='ltr'>supellectilem,</span> <span class='ocrx_word' id='word_1_38' title='bbox 878 1018 1047 1084; x_wconf 87' lang='lat' dir='ltr'>circumfer</span> <span class='ocrx_word' id='word_1_39' title='bbox 1067 1017 1203 1101; x_wconf 89' lang='lat' dir='ltr'>lumina,</span> <span class='ocrx_word' id='word_1_40' title='bbox 1233 1023 1346 1084; x_wconf 91' lang='lat' dir='ltr'>cuncta</span> <span class='ocrx_word' id='word_1_41' title='bbox 1374 1039 1446 1102; x_wconf 90' lang='lat' dir='ltr'>per-</span> 
     </span>
     <span class='ocr_line' id='line_1_7' title="bbox 180 1118 1446 1211; baseline -0.002 -18"><span class='ocrx_word' id='word_1_42' title='bbox 180 1128 301 1211; x_wconf 89' lang='lat' dir='ltr'>lustra,</span> <span class='ocrx_word' id='word_1_43' title='bbox 331 1128 420 1193; x_wconf 89' lang='lat' dir='ltr'>locos</span> <span class='ocrx_word' id='word_1_44' title='bbox 449 1148 559 1210; x_wconf 88' lang='lat' dir='ltr'>omnes</span> <span class='ocrx_word' id='word_1_45' title='bbox 582 1126 708 1192; x_wconf 90' lang='lat' dir='ltr'>rimare.</span> <span class='ocrx_word' id='word_1_46' title='bbox 755 1125 826 1204; x_wconf 79' lang='lat' dir='ltr'>Quo</span> <span class='ocrx_word' id='word_1_47' title='bbox 853 1125 1065 1210; x_wconf 74' lang='lat' dir='ltr'>perspicatius</span> <span class='ocrx_word' id='word_1_48' title='bbox 1092 1125 1234 1194; x_wconf 87' lang='lat' dir='ltr'>animum</span> <span class='ocrx_word' id='word_1_49' title='bbox 1259 1118 1446 1210; x_wconf 84' lang='lat' dir='ltr'>intenderis,</span> 
     </span>
     <span class='ocr_line' id='line_1_8' title="bbox 183 1217 1446 1326; baseline -0.003 -24"><span class='ocrx_word' id='word_1_50' title='bbox 183 1259 221 1302; x_wconf 91' lang='lat' dir='ltr'>eo</span> <span class='ocrx_word' id='word_1_51' title='bbox 243 1236 348 1322; x_wconf 87' lang='lat' dir='ltr'>magis</span> <span class='ocrx_word' id='word_1_52' title='bbox 363 1234 531 1316; x_wconf 85' lang='lat' dir='ltr'>nobiscum</span> <span class='ocrx_word' id='word_1_53' title='bbox 550 1234 678 1298; x_wconf 86' lang='lat' dir='ltr'>senties.</span> <span class='ocrx_word' id='word_1_54' title='bbox 716 1233 760 1315; x_wconf 85' lang='lat' dir='ltr'>Et</span> <span class='ocrx_word' id='word_1_55' title='bbox 780 1217 839 1299; x_wconf 92' lang='lat' dir='ltr'>ubi</span> <span class='ocrx_word' id='word_1_56' title='bbox 860 1235 900 1299; x_wconf 93' lang='lat' dir='ltr'>ad</span> <span class='ocrx_word' id='word_1_57' title='bbox 915 1232 1010 1298; x_wconf 93' lang='lat' dir='ltr'>huius</span> <span class='ocrx_word' id='word_1_58' title='bbox 1032 1233 1267 1318; x_wconf 88' lang='lat' dir='ltr'>pulcherrimae</span> <span class='ocrx_word' id='word_1_59' title='bbox 1289 1234 1446 1326; x_wconf 84' lang='lat' dir='ltr'>veritatis,</span> 
     </span>
     <span class='ocr_line' id='line_1_9' title="bbox 182 1337 1446 1430; baseline -0.002 -22"><span class='ocrx_word' id='word_1_60' title='bbox 182 1367 278 1430; x_wconf 91' lang='lat' dir='ltr'>quam</span> <span class='ocrx_word' id='word_1_61' title='bbox 308 1344 342 1408; x_wconf 93' lang='lat' dir='ltr'>in</span> <span class='ocrx_word' id='word_1_62' title='bbox 375 1364 577 1408; x_wconf 89' lang='lat' dir='ltr'>communem</span> <span class='ocrx_word' id='word_1_63' title='bbox 604 1341 778 1406; x_wconf 88' lang='lat' dir='ltr'>utilitatem</span> <span class='ocrx_word' id='word_1_64' title='bbox 806 1337 963 1422; x_wconf 87' lang='lat' dir='ltr'>adducere</span> <span class='ocrx_word' id='word_1_65' title='bbox 992 1341 1186 1424; x_wconf 89' lang='lat' dir='ltr'>curavimus,</span> <span class='ocrx_word' id='word_1_66' title='bbox 1222 1343 1357 1406; x_wconf 88' lang='lat' dir='ltr'>ducente</span> <span class='ocrx_word' id='word_1_67' title='bbox 1386 1343 1446 1407; x_wconf 90' lang='lat' dir='ltr'>deo</span> 
     </span>
     <span class='ocr_line' id='line_1_10' title="bbox 181 1445 1446 1538; baseline -0.002 -21"><span class='ocrx_word' id='word_1_68' title='bbox 181 1451 365 1537; x_wconf 86' lang='lat' dir='ltr'>perveneris</span> <span class='ocrx_word' id='word_1_69' title='bbox 389 1450 601 1538; x_wconf 80' lang='lat' dir='ltr'>agnitionem,</span> <span class='ocrx_word' id='word_1_70' title='bbox 630 1449 752 1536; x_wconf 84' lang='lat' dir='ltr'>gratias</span> <span class='ocrx_word' id='word_1_71' title='bbox 776 1449 836 1514; x_wconf 90' lang='lat' dir='ltr'>deo</span> <span class='ocrx_word' id='word_1_72' title='bbox 864 1445 955 1535; x_wconf 84' lang='lat' dir='ltr'>ages,</span> <span class='ocrx_word' id='word_1_73' title='bbox 985 1449 1050 1514; x_wconf 91' lang='lat' dir='ltr'>mei</span> <span class='ocrx_word' id='word_1_74' title='bbox 1076 1449 1265 1514; x_wconf 90' lang='lat' dir='ltr'>memoriam</span> <span class='ocrx_word' id='word_1_75' title='bbox 1292 1449 1446 1533; x_wconf 87' lang='lat' dir='ltr'>servabis,</span> 
     </span>
     <span class='ocr_line' id='line_1_11' title="bbox 181 1545 1446 1643; baseline -0.002 -19"><span class='ocrx_word' id='word_1_76' title='bbox 181 1558 336 1643; x_wconf 89' lang='lat' dir='ltr'>opusculo</span> <span class='ocrx_word' id='word_1_77' title='bbox 358 1557 414 1622; x_wconf 89' lang='lat' dir='ltr'>isti</span> <span class='ocrx_word' id='word_1_78' title='bbox 438 1561 471 1621; x_wconf 90' lang='lat' dir='ltr'>et</span> <span class='ocrx_word' id='word_1_79' title='bbox 492 1545 599 1620; x_wconf 88' lang='lat' dir='ltr'>labori</span> <span class='ocrx_word' id='word_1_80' title='bbox 619 1577 692 1620; x_wconf 90' lang='lat' dir='ltr'>meo</span> <span class='ocrx_word' id='word_1_81' title='bbox 720 1555 854 1620; x_wconf 88' lang='lat' dir='ltr'>favebis.</span> <span class='ocrx_word' id='word_1_82' title='bbox 901 1554 956 1620; x_wconf 84' lang='lat' dir='ltr'>Sic</span> <span class='ocrx_word' id='word_1_83' title='bbox 987 1555 1072 1620; x_wconf 92' lang='lat' dir='ltr'>enim</span> <span class='ocrx_word' id='word_1_84' title='bbox 1097 1555 1198 1622; x_wconf 88' lang='lat' dir='ltr'>facias</span> <span class='ocrx_word' id='word_1_85' title='bbox 1228 1578 1359 1622; x_wconf 89' lang='lat' dir='ltr'>necesse</span> <span class='ocrx_word' id='word_1_86' title='bbox 1388 1562 1446 1640; x_wconf 89' lang='lat' dir='ltr'>est,</span> 
     </span>
     <span class='ocr_line' id='line_1_12' title="bbox 182 1660 1447 1750; baseline -0.001 -20"><span class='ocrx_word' id='word_1_87' title='bbox 182 1666 210 1731; x_wconf 88' lang='lat' dir='ltr'>si</span> <span class='ocrx_word' id='word_1_88' title='bbox 231 1665 453 1750; x_wconf 88' lang='lat' dir='ltr'>turpissimum</span> <span class='ocrx_word' id='word_1_89' title='bbox 475 1662 565 1728; x_wconf 88' lang='lat' dir='ltr'>voles</span> <span class='ocrx_word' id='word_1_90' title='bbox 587 1662 709 1729; x_wconf 89' lang='lat' dir='ltr'>crimen</span> <span class='ocrx_word' id='word_1_91' title='bbox 731 1660 973 1748; x_wconf 82' lang='lat' dir='ltr'>ingratitudinis</span> <span class='ocrx_word' id='word_1_92' title='bbox 997 1664 1141 1746; x_wconf 87' lang='lat' dir='ltr'>evadere.</span> <span class='ocrx_word' id='word_1_93' title='bbox 1181 1663 1216 1729; x_wconf 86' lang='lat' dir='ltr'>Si</span> <span class='ocrx_word' id='word_1_94' title='bbox 1240 1664 1317 1748; x_wconf 93' lang='lat' dir='ltr'>quid</span> <span class='ocrx_word' id='word_1_95' title='bbox 1338 1668 1447 1729; x_wconf 89' lang='lat' dir='ltr'>tamen</span> 
     </span>
     <span class='ocr_line' id='line_1_13' title="bbox 181 1769 1448 1856; baseline -0.002 -18"><span class='ocrx_word' id='word_1_96' title='bbox 181 1773 346 1838; x_wconf 89' lang='lat' dir='ltr'>aratione</span> <span class='ocrx_word' id='word_1_97' title='bbox 376 1772 540 1837; x_wconf 89' lang='lat' dir='ltr'>dissonum</span> <span class='ocrx_word' id='word_1_98' title='bbox 569 1775 601 1835; x_wconf 90' lang='lat' dir='ltr'>et</span> <span class='ocrx_word' id='word_1_99' title='bbox 626 1769 756 1836; x_wconf 88' lang='lat' dir='ltr'>veritati</span> <span class='ocrx_word' id='word_1_100' title='bbox 782 1792 848 1835; x_wconf 92' lang='lat' dir='ltr'>non</span> <span class='ocrx_word' id='word_1_101' title='bbox 875 1775 1126 1836; x_wconf 87' lang='lat' dir='ltr'>consentaneum</span> <span class='ocrx_word' id='word_1_102' title='bbox 1152 1771 1347 1856; x_wconf 85' lang='lat' dir='ltr'>reppereris,</span> <span class='ocrx_word' id='word_1_103' title='bbox 1378 1793 1448 1838; x_wconf 89' lang='lat' dir='ltr'>cor-</span> 
     </span>
     <span class='ocr_line' id='line_1_14' title="bbox 180 1872 1446 1963; baseline -0.001 -18"><span class='ocrx_word' id='word_1_104' title='bbox 180 1881 317 1947; x_wconf 88' lang='lat' dir='ltr'>rectioni</span> <span class='ocrx_word' id='word_1_105' title='bbox 344 1880 452 1945; x_wconf 90' lang='lat' dir='ltr'>locum</span> <span class='ocrx_word' id='word_1_106' title='bbox 473 1872 636 1962; x_wconf 89' lang='lat' dir='ltr'>relinquo,</span> <span class='ocrx_word' id='word_1_107' title='bbox 662 1878 698 1942; x_wconf 92' lang='lat' dir='ltr'>in</span> <span class='ocrx_word' id='word_1_108' title='bbox 719 1899 771 1941; x_wconf 87' lang='lat' dir='ltr'>me</span> <span class='ocrx_word' id='word_1_109' title='bbox 802 1899 935 1942; x_wconf 86' lang='lat' dir='ltr'>examen</span> <span class='ocrx_word' id='word_1_110' title='bbox 965 1878 1109 1943; x_wconf 86' lang='lat' dir='ltr'>admitto.</span> <span class='ocrx_word' id='word_1_111' title='bbox 1161 1879 1226 1944; x_wconf 87' lang='lat' dir='ltr'>Sed</span> <span class='ocrx_word' id='word_1_112' title='bbox 1252 1902 1351 1944; x_wconf 91' lang='lat' dir='ltr'>unum</span> <span class='ocrx_word' id='word_1_113' title='bbox 1380 1901 1446 1963; x_wconf 92' lang='lat' dir='ltr'>oro,</span> 
     </span>
     <span class='ocr_line' id='line_1_15' title="bbox 180 1969 1446 2074; baseline 0 -22"><span class='ocrx_word' id='word_1_114' title='bbox 180 1994 226 2073; x_wconf 86' lang='lat' dir='ltr'>ut,</span> <span class='ocrx_word' id='word_1_115' title='bbox 250 1989 437 2074; x_wconf 88' lang='lat' dir='ltr'>priusquam</span> <span class='ocrx_word' id='word_1_116' title='bbox 459 1986 631 2070; x_wconf 76' lang='lat' dir='ltr'>improbae,</span> <span class='ocrx_word' id='word_1_117' title='bbox 655 1983 821 2071; x_wconf 83' lang='lat' dir='ltr'>intelligas</span> <span class='ocrx_word' id='word_1_118' title='bbox 839 1969 905 2051; x_wconf 89' lang='lat' dir='ltr'>nec</span> <span class='ocrx_word' id='word_1_119' title='bbox 923 1987 964 2050; x_wconf 93' lang='lat' dir='ltr'>ad</span> <span class='ocrx_word' id='word_1_120' title='bbox 985 1984 1191 2050; x_wconf 88' lang='lat' dir='ltr'>iudicandum</span> <span class='ocrx_word' id='word_1_121' title='bbox 1205 2009 1358 2071; x_wconf 89' lang='lat' dir='ltr'>praeceps</span> <span class='ocrx_word' id='word_1_122' title='bbox 1383 2009 1446 2052; x_wconf 89' lang='lat' dir='ltr'>eas.</span> 
     </span>
     <span class='ocr_line' id='line_1_16' title="bbox 180 2093 1446 2181; baseline -0.002 -19"><span class='ocrx_word' id='word_1_123' title='bbox 180 2098 327 2181; x_wconf 92' lang='lat' dir='ltr'>Pugnam</span> <span class='ocrx_word' id='word_1_124' title='bbox 349 2118 415 2161; x_wconf 90' lang='lat' dir='ltr'>non</span> <span class='ocrx_word' id='word_1_125' title='bbox 437 2095 552 2177; x_wconf 90' lang='lat' dir='ltr'>timeo,</span> <span class='ocrx_word' id='word_1_126' title='bbox 581 2093 610 2158; x_wconf 91' lang='lat' dir='ltr'>si</span> <span class='ocrx_word' id='word_1_127' title='bbox 636 2097 807 2177; x_wconf 77' lang='lat' dir='ltr'>praesente</span> <span class='ocrx_word' id='word_1_128' title='bbox 837 2098 869 2158; x_wconf 88' lang='lat' dir='ltr'>et</span> <span class='ocrx_word' id='word_1_129' title='bbox 894 2093 1056 2158; x_wconf 88' lang='lat' dir='ltr'>iudicante</span> <span class='ocrx_word' id='word_1_130' title='bbox 1087 2094 1213 2159; x_wconf 89' lang='lat' dir='ltr'>ratione</span> <span class='ocrx_word' id='word_1_131' title='bbox 1239 2094 1446 2180; x_wconf 81' lang='lat' dir='ltr'>pugnabitur.</span> 
     </span>
     <span class='ocr_line' id='line_1_17' title="bbox 183 2200 1448 2287; baseline -0.002 -18"><span class='ocrx_word' id='word_1_132' title='bbox 183 2204 423 2287; x_wconf 87' lang='lat' dir='ltr'>Animadverte,</span> <span class='ocrx_word' id='word_1_133' title='bbox 447 2223 514 2286; x_wconf 90' lang='lat' dir='ltr'>oro,</span> <span class='ocrx_word' id='word_1_134' title='bbox 542 2205 662 2286; x_wconf 88' lang='lat' dir='ltr'>quanto</span> <span class='ocrx_word' id='word_1_135' title='bbox 686 2223 758 2266; x_wconf 91' lang='lat' dir='ltr'>cum</span> <span class='ocrx_word' id='word_1_136' title='bbox 781 2200 896 2266; x_wconf 88' lang='lat' dir='ltr'>sudore</span> <span class='ocrx_word' id='word_1_137' title='bbox 925 2202 1124 2286; x_wconf 91' lang='lat' dir='ltr'>quorundam</span> <span class='ocrx_word' id='word_1_138' title='bbox 1150 2201 1345 2267; x_wconf 88' lang='lat' dir='ltr'>musicorum</span> <span class='ocrx_word' id='word_1_139' title='bbox 1372 2225 1448 2267; x_wconf 90' lang='lat' dir='ltr'>can-</span> 
     </span>
     <span class='ocr_line' id='line_1_18' title="bbox 184 2309 1448 2397; baseline -0.002 -20"><span class='ocrx_word' id='word_1_140' title='bbox 184 2309 355 2397; x_wconf 87' lang='lat' dir='ltr'>torumque</span> <span class='ocrx_word' id='word_1_141' title='bbox 381 2310 562 2376; x_wconf 89' lang='lat' dir='ltr'>levissimas</span> <span class='ocrx_word' id='word_1_142' title='bbox 586 2309 754 2394; x_wconf 88' lang='lat' dir='ltr'>opiniones</span> <span class='ocrx_word' id='word_1_143' title='bbox 777 2309 965 2393; x_wconf 88' lang='lat' dir='ltr'>refellendo,</span> <span class='ocrx_word' id='word_1_144' title='bbox 996 2310 1195 2394; x_wconf 91' lang='lat' dir='ltr'>quorundam</span> <span class='ocrx_word' id='word_1_145' title='bbox 1216 2332 1303 2394; x_wconf 89' lang='lat' dir='ltr'>vero,</span> <span class='ocrx_word' id='word_1_146' title='bbox 1332 2310 1448 2395; x_wconf 89' lang='lat' dir='ltr'>quibus</span> 
     </span>
     <span class='ocr_line' id='line_1_19' title="bbox 182 2417 1446 2506; baseline -0.002 -22"><span class='ocrx_word' id='word_1_147' title='bbox 182 2419 286 2506; x_wconf 87' lang='lat' dir='ltr'>magis</span> <span class='ocrx_word' id='word_1_148' title='bbox 308 2419 440 2484; x_wconf 89' lang='lat' dir='ltr'>favebat</span> <span class='ocrx_word' id='word_1_149' title='bbox 461 2418 590 2501; x_wconf 85' lang='lat' dir='ltr'>veritas,</span> <span class='ocrx_word' id='word_1_150' title='bbox 616 2417 824 2502; x_wconf 87' lang='lat' dir='ltr'>approbando</span> <span class='ocrx_word' id='word_1_151' title='bbox 848 2422 881 2481; x_wconf 89' lang='lat' dir='ltr'>et</span> <span class='ocrx_word' id='word_1_152' title='bbox 897 2440 978 2503; x_wconf 90' lang='lat' dir='ltr'>quae</span> <span class='ocrx_word' id='word_1_153' title='bbox 1000 2417 1161 2503; x_wconf 90' lang='lat' dir='ltr'>indigeste</span> <span class='ocrx_word' id='word_1_154' title='bbox 1186 2422 1218 2482; x_wconf 91' lang='lat' dir='ltr'>et</span> <span class='ocrx_word' id='word_1_155' title='bbox 1239 2417 1446 2483; x_wconf 88' lang='lat' dir='ltr'>tumultuarie</span> 
     </span>
     <span class='ocr_line' id='line_1_20' title="bbox 181 2523 1446 2618; baseline -0.002 -26"><span class='ocrx_word' id='word_1_156' title='bbox 181 2527 301 2592; x_wconf 87' lang='lat' dir='ltr'>tradita</span> <span class='ocrx_word' id='word_1_157' title='bbox 332 2526 528 2618; x_wconf 48' lang='lat' dir='ltr'>videbantur¹</span> <span class='ocrx_word' id='word_1_158' title='bbox 558 2526 599 2591; x_wconf 90' lang='lat' dir='ltr'>ab</span> <span class='ocrx_word' id='word_1_159' title='bbox 631 2525 703 2590; x_wconf 87' lang='lat' dir='ltr'>aliis</span> <span class='ocrx_word' id='word_1_160' title='bbox 737 2525 777 2590; x_wconf 89' lang='lat' dir='ltr'>ad</span> <span class='ocrx_word' id='word_1_161' title='bbox 809 2524 1074 2609; x_wconf 90' lang='lat' dir='ltr'>perpendiculum</span> <span class='ocrx_word' id='word_1_162' title='bbox 1105 2523 1271 2611; x_wconf 87' lang='lat' dir='ltr'>dirigendo</span> <span class='ocrx_word' id='word_1_163' title='bbox 1300 2524 1446 2590; x_wconf 90' lang='lat' dir='ltr'>libellum</span> 
     </span>
     <span class='ocr_line' id='line_1_21' title="bbox 183 2631 1448 2726; baseline -0.002 -26"><span class='ocrx_word' id='word_1_164' title='bbox 183 2635 282 2726; x_wconf 87' lang='lat' dir='ltr'>istum</span> <span class='ocrx_word' id='word_1_165' title='bbox 305 2633 579 2724; x_wconf 84' lang='lat' dir='ltr'>composuerimus</span> <span class='ocrx_word' id='word_1_166' title='bbox 591 2638 610 2698; x_wconf 82' lang='lat'>1.</span> <span class='ocrx_word' id='word_1_167' title='bbox 656 2633 695 2698; x_wconf 93' lang='lat' dir='ltr'>In</span> <span class='ocrx_word' id='word_1_168' title='bbox 719 2654 781 2718; x_wconf 91' lang='lat' dir='ltr'>quo</span> <span class='ocrx_word' id='word_1_169' title='bbox 805 2633 832 2696; x_wconf 90' lang='lat' dir='ltr'>si</span> <span class='ocrx_word' id='word_1_170' title='bbox 856 2653 938 2715; x_wconf 90' lang='lat' dir='ltr'>eum,</span> <span class='ocrx_word' id='word_1_171' title='bbox 963 2631 1066 2717; x_wconf 90' lang='lat' dir='ltr'>quiin</span> <span class='ocrx_word' id='word_1_172' title='bbox 1081 2632 1196 2698; x_wconf 92' lang='lat' dir='ltr'>Boetio</span> <span class='ocrx_word' id='word_1_173' title='bbox 1213 2638 1269 2716; x_wconf 89' lang='lat' dir='ltr'>est,</span> <span class='ocrx_word' id='word_1_174' title='bbox 1296 2632 1448 2717; x_wconf 90' lang='lat' dir='ltr'>eloquen-</span> 
     </span>
     <span class='ocr_line' id='line_1_22' title="bbox 181 2723 1447 2827; baseline -0.003 -20"><span class='ocrx_word' id='word_1_175' title='bbox 181 2744 247 2808; x_wconf 92' lang='lat' dir='ltr'>tiae</span> <span class='ocrx_word' id='word_1_176' title='bbox 269 2743 382 2808; x_wconf 89' lang='lat' dir='ltr'>florem</span> <span class='ocrx_word' id='word_1_177' title='bbox 404 2763 470 2807; x_wconf 93' lang='lat' dir='ltr'>non</span> <span class='ocrx_word' id='word_1_178' title='bbox 492 2740 622 2826; x_wconf 87' lang='lat' dir='ltr'>videris,</span> <span class='ocrx_word' id='word_1_179' title='bbox 644 2739 772 2806; x_wconf 89' lang='lat' dir='ltr'>veniam</span> <span class='ocrx_word' id='word_1_180' title='bbox 800 2740 900 2806; x_wconf 87' lang='lat' dir='ltr'>dabis.</span> <span class='ocrx_word' id='word_1_181' title='bbox 945 2723 1016 2827; x_wconf 80' lang='lat' dir='ltr'>Ego</span> <span class='ocrx_word' id='word_1_182' title='bbox 1041 2740 1126 2806; x_wconf 89' lang='lat' dir='ltr'>enim</span> <span class='ocrx_word' id='word_1_183' title='bbox 1153 2763 1280 2826; x_wconf 89' lang='lat' dir='ltr'>semper</span> <span class='ocrx_word' id='word_1_184' title='bbox 1301 2741 1447 2806; x_wconf 87' lang='lat' dir='ltr'>veritatis</span> 
     </span>
     <span class='ocr_line' id='line_1_23' title="bbox 185 2834 1447 2935; baseline 0 -21"><span class='ocrx_word' id='word_1_185' title='bbox 185 2834 281 2935; x_wconf 85' lang='lat' dir='ltr'>quarn</span> <span class='ocrx_word' id='word_1_186' title='bbox 296 2849 465 2914; x_wconf 82' lang='lat' dir='ltr'>facundiae</span> <span class='ocrx_word' id='word_1_187' title='bbox 481 2840 656 2914; x_wconf 85' lang='lat' dir='ltr'>studiosior</span> <span class='ocrx_word' id='word_1_188' title='bbox 669 2849 727 2932; x_wconf 89' lang='lat' dir='ltr'>fui,</span> <span class='ocrx_word' id='word_1_189' title='bbox 751 2849 892 2915; x_wconf 91' lang='lat' dir='ltr'>etnobis</span> <span class='ocrx_word' id='word_1_190' title='bbox 907 2849 1131 2933; x_wconf 89' lang='lat' dir='ltr'>utplurimum</span> <span class='ocrx_word' id='word_1_191' title='bbox 1152 2849 1188 2914; x_wconf 92' lang='lat' dir='ltr'>in</span> <span class='ocrx_word' id='word_1_192' title='bbox 1209 2849 1271 2916; x_wconf 91' lang='lat' dir='ltr'>hoc</span> <span class='ocrx_word' id='word_1_193' title='bbox 1293 2849 1447 2934; x_wconf 88' lang='lat' dir='ltr'>opusculo</span> 
     </span>
    </p>
   </div>
   <div class='ocr_carea' id='block_1_4' title="bbox 181 2955 1547 3042">
    <p class='ocr_par' dir='ltr' id='par_1_4' title="bbox 181 2955 1547 3042">
     <span class='ocr_line' id='line_1_24' title="bbox 181 2955 1547 3042; baseline -0.001 -20"><span class='ocrx_word' id='word_1_194' title='bbox 181 2979 286 3022; x_wconf 90' lang='lat' dir='ltr'>sermo</span> <span class='ocrx_word' id='word_1_195' title='bbox 311 2961 361 3022; x_wconf 91' lang='lat' dir='ltr'>est</span> <span class='ocrx_word' id='word_1_196' title='bbox 383 2957 423 3021; x_wconf 90' lang='lat' dir='ltr'>ad</span> <span class='ocrx_word' id='word_1_197' title='bbox 446 2961 604 3042; x_wconf 88' lang='lat' dir='ltr'>cantores,</span> <span class='ocrx_word' id='word_1_198' title='bbox 628 2957 683 3042; x_wconf 92' lang='lat' dir='ltr'>qui</span> <span class='ocrx_word' id='word_1_199' title='bbox 705 2957 821 3022; x_wconf 89' lang='lat' dir='ltr'>maiori</span> <span class='ocrx_word' id='word_1_200' title='bbox 845 2963 996 3041; x_wconf 84' lang='lat' dir='ltr'>exparte</span> <span class='ocrx_word' id='word_1_201' title='bbox 1018 2956 1161 3041; x_wconf 87' lang='lat' dir='ltr'>imperiti</span> <span class='ocrx_word' id='word_1_202' title='bbox 1183 2955 1341 3042; x_wconf 87' lang='lat' dir='ltr'>rudesque</span> <span class='ocrx_word' id='word_1_203' title='bbox 1360 2980 1447 3023; x_wconf 90' lang='lat' dir='ltr'>com·</span> <span class='ocrx_word' id='word_1_204' title='bbox 1546 2997 1547 3000; x_wconf 60' lang='lat'><em>=</em></span> 
     </span>
    </p>
   </div>
   <div class='ocr_carea' id='block_1_5' title="bbox 179 3065 1446 4440">
    <p class='ocr_par' dir='ltr' id='par_1_5' title="bbox 179 3065 1446 3257">
     <span class='ocr_line' id='line_1_25' title="bbox 179 3065 1446 3150; baseline 0.001 -21"><span class='ocrx_word' id='word_1_205' title='bbox 179 3067 372 3150; x_wconf 88' lang='lat' dir='ltr'>probantur,</span> <span class='ocrx_word' id='word_1_206' title='bbox 403 3069 436 3130; x_wconf 87' lang='lat' dir='ltr'>et</span> <span class='ocrx_word' id='word_1_207' title='bbox 463 3087 527 3129; x_wconf 92' lang='lat' dir='ltr'>non</span> <span class='ocrx_word' id='word_1_208' title='bbox 558 3086 734 3148; x_wconf 87' lang='lat' dir='ltr'>numquam</span> <span class='ocrx_word' id='word_1_209' title='bbox 763 3086 874 3129; x_wconf 87' lang='lat' dir='ltr'>eorum</span> <span class='ocrx_word' id='word_1_210' title='bbox 901 3065 1094 3131; x_wconf 87' lang='lat' dir='ltr'>inconcinna</span> <span class='ocrx_word' id='word_1_211' title='bbox 1123 3065 1208 3130; x_wconf 90' lang='lat' dir='ltr'>dicta</span> <span class='ocrx_word' id='word_1_212' title='bbox 1239 3069 1272 3130; x_wconf 91' lang='lat' dir='ltr'>et</span> <span class='ocrx_word' id='word_1_213' title='bbox 1300 3066 1446 3131; x_wconf 87' lang='lat' dir='ltr'>barbaris</span> 
     </span>
     <span class='ocr_line' id='line_1_26' title="bbox 181 3167 1444 3257; baseline -0.001 -18"><span class='ocrx_word' id='word_1_214' title='bbox 181 3177 333 3239; x_wconf 87' lang='lat' dir='ltr'>contexta</span> <span class='ocrx_word' id='word_1_215' title='bbox 346 3172 512 3255; x_wconf 87' lang='lat' dir='ltr'>vocabulis</span> <span class='ocrx_word' id='word_1_216' title='bbox 534 3193 665 3238; x_wconf 90' lang='lat' dir='ltr'>necesse</span> <span class='ocrx_word' id='word_1_217' title='bbox 687 3172 759 3256; x_wconf 87' lang='lat' dir='ltr'>fuit,</span> <span class='ocrx_word' id='word_1_218' title='bbox 782 3176 819 3237; x_wconf 93' lang='lat' dir='ltr'>ut</span> <span class='ocrx_word' id='word_1_219' title='bbox 839 3172 1106 3257; x_wconf 84' lang='lat' dir='ltr'>improbarentur,</span> <span class='ocrx_word' id='word_1_220' title='bbox 1133 3175 1222 3257; x_wconf 88' lang='lat' dir='ltr'>operi</span> <span class='ocrx_word' id='word_1_221' title='bbox 1242 3167 1444 3238; x_wconf 82' lang='lat' dir='ltr'>interserere.</span> 
     </span>
    </p>

    <p class='ocr_par' dir='ltr' id='par_1_6' title="bbox 179 3280 1446 4440">
     <span class='ocr_line' id='line_1_27' title="bbox 222 3280 1446 3368; baseline 0.002 -24"><span class='ocrx_word' id='word_1_222' title='bbox 222 3295 224 3300; x_wconf 79' lang='grc'>’</span> <span class='ocrx_word' id='word_1_223' title='bbox 269 3281 362 3345; x_wconf 85' lang='lat' dir='ltr'>Prius</span> <span class='ocrx_word' id='word_1_224' title='bbox 395 3280 509 3367; x_wconf 83' lang='lat' dir='ltr'>igitur,</span> <span class='ocrx_word' id='word_1_225' title='bbox 542 3286 579 3345; x_wconf 92' lang='lat' dir='ltr'>ut</span> <span class='ocrx_word' id='word_1_226' title='bbox 613 3281 755 3346; x_wconf 88' lang='lat' dir='ltr'>omnium</span> <span class='ocrx_word' id='word_1_227' title='bbox 789 3281 944 3347; x_wconf 90' lang='lat' dir='ltr'>dictorum</span> <span class='ocrx_word' id='word_1_228' title='bbox 978 3281 1077 3348; x_wconf 89' lang='lat' dir='ltr'>breve</span> <span class='ocrx_word' id='word_1_229' title='bbox 1111 3281 1261 3368; x_wconf 86' lang='lat' dir='ltr'>colligam</span> <span class='ocrx_word' id='word_1_230' title='bbox 1296 3280 1446 3367; x_wconf 89' lang='lat' dir='ltr'>epitoma,</span> 
     </span>
     <span class='ocr_line' id='line_1_28' title="bbox 183 3388 1446 3475; baseline 0.001 -20"><span class='ocrx_word' id='word_1_231' title='bbox 183 3412 279 3455; x_wconf 87' lang='lat' dir='ltr'>sonos</span> <span class='ocrx_word' id='word_1_232' title='bbox 310 3388 489 3453; x_wconf 89' lang='lat' dir='ltr'>successive</span> <span class='ocrx_word' id='word_1_233' title='bbox 520 3392 552 3452; x_wconf 88' lang='lat' dir='ltr'>et</span> <span class='ocrx_word' id='word_1_234' title='bbox 579 3388 724 3452; x_wconf 89' lang='lat' dir='ltr'>seriatim</span> <span class='ocrx_word' id='word_1_235' title='bbox 750 3388 894 3471; x_wconf 90' lang='lat' dir='ltr'>prolatos</span> <span class='ocrx_word' id='word_1_236' title='bbox 925 3389 966 3453; x_wconf 89' lang='lat' dir='ltr'>ad</span> <span class='ocrx_word' id='word_1_237' title='bbox 993 3393 1098 3456; x_wconf 88' lang='lat' dir='ltr'>totum</span> <span class='ocrx_word' id='word_1_238' title='bbox 1126 3411 1227 3475; x_wconf 89' lang='lat' dir='ltr'>usque</span> <span class='ocrx_word' id='word_1_239' title='bbox 1256 3394 1446 3456; x_wconf 87' lang='lat' dir='ltr'>concentum</span> 
     </span>
     <span class='ocr_line' id='line_1_29' title="bbox 180 3495 1444 3580; baseline 0.001 -18"><span class='ocrx_word' id='word_1_240' title='bbox 180 3497 404 3563; x_wconf 73' lang='lat' dir='ltr'>discutiendo²</span> <span class='ocrx_word' id='word_1_241' title='bbox 430 3496 581 3580; x_wconf 81' lang='lat' dir='ltr'>qua-(pag.</span> <span class='ocrx_word' id='word_1_242' title='bbox 599 3495 754 3578; x_wconf 73' lang='lat' dir='ltr'>sollitates</span> <span class='ocrx_word' id='word_1_243' title='bbox 786 3495 930 3579; x_wconf 89' lang='lat' dir='ltr'>ipsorum</span> <span class='ocrx_word' id='word_1_244' title='bbox 961 3497 1129 3563; x_wconf 91' lang='lat' dir='ltr'>modorum</span> <span class='ocrx_word' id='word_1_245' title='bbox 1162 3519 1221 3580; x_wconf 90' lang='lat' dir='ltr'>per</span> <span class='ocrx_word' id='word_1_246' title='bbox 1250 3499 1444 3563; x_wconf 85' lang='lat' dir='ltr'>mundanam</span> 
     </span>
     <span class='ocr_line' id='line_1_30' title="bbox 180 3602 1444 3689; baseline -0.002 -19"><span class='ocrx_word' id='word_1_247' title='bbox 180 3609 277 3689; x_wconf 88' lang='lat' dir='ltr'>atque</span> <span class='ocrx_word' id='word_1_248' title='bbox 299 3603 473 3667; x_wconf 86' lang='lat' dir='ltr'>hmnanam</span> <span class='ocrx_word' id='word_1_249' title='bbox 495 3602 651 3667; x_wconf 91' lang='lat' dir='ltr'>musicam</span> <span class='ocrx_word' id='word_1_250' title='bbox 673 3606 878 3668; x_wconf 87' lang='lat' dir='ltr'>transeuntes</span> <span class='ocrx_word' id='word_1_251' title='bbox 900 3603 998 3668; x_wconf 88' lang='lat' dir='ltr'>miras</span> <span class='ocrx_word' id='word_1_252' title='bbox 1022 3608 1055 3668; x_wconf 88' lang='lat' dir='ltr'>et</span> <span class='ocrx_word' id='word_1_253' title='bbox 1077 3604 1219 3670; x_wconf 83' lang='lat' dir='ltr'>diversas</span> <span class='ocrx_word' id='word_1_254' title='bbox 1244 3627 1313 3670; x_wconf 91' lang='lat' dir='ltr'>esse</span> <span class='ocrx_word' id='word_1_255' title='bbox 1337 3609 1444 3670; x_wconf 91' lang='lat' dir='ltr'>osten-</span> 
     </span>
     <span class='ocr_line' id='line_1_31' title="bbox 181 3709 1443 3802; baseline 0 -26"><span class='ocrx_word' id='word_1_256' title='bbox 181 3711 284 3776; x_wconf 87' lang='lat' dir='ltr'>dimus</span> <span class='ocrx_word' id='word_1_257' title='bbox 319 3715 351 3776; x_wconf 91' lang='lat' dir='ltr'>et</span> <span class='ocrx_word' id='word_1_258' title='bbox 381 3732 439 3795; x_wconf 90' lang='lat' dir='ltr'>per</span> <span class='ocrx_word' id='word_1_259' title='bbox 468 3709 532 3776; x_wconf 86' lang='lat' dir='ltr'>alia</span> <span class='ocrx_word' id='word_1_260' title='bbox 560 3710 622 3774; x_wconf 91' lang='lat' dir='ltr'>duo</span> <span class='ocrx_word' id='word_1_261' title='bbox 656 3709 814 3775; x_wconf 88' lang='lat' dir='ltr'>melorum</span> <span class='ocrx_word' id='word_1_262' title='bbox 844 3733 965 3797; x_wconf 89' lang='lat' dir='ltr'>genera</span> <span class='ocrx_word' id='word_1_263' title='bbox 993 3711 1155 3777; x_wconf 86' lang='lat' dir='ltr'>subtiliter</span> <span class='ocrx_word' id='word_1_264' title='bbox 1186 3717 1220 3802; x_wconf 88' lang='lat' dir='ltr'>et</span> <span class='ocrx_word' id='word_1_265' title='bbox 1245 3735 1311 3777; x_wconf 92' lang='lat' dir='ltr'>non</span> <span class='ocrx_word' id='word_1_266' title='bbox 1338 3712 1379 3777; x_wconf 93' lang='lat' dir='ltr'>ab</span> <span class='ocrx_word' id='word_1_267' title='bbox 1409 3735 1443 3776; x_wconf 90' lang='lat' dir='ltr'>re</span> 
     </span>
     <span class='ocr_line' id='line_1_32' title="bbox 181 3809 1444 3904; baseline 0.001 -22"><span class='ocrx_word' id='word_1_268' title='bbox 181 3817 321 3902; x_wconf 90' lang='lat' dir='ltr'>antiquis</span> <span class='ocrx_word' id='word_1_269' title='bbox 354 3813 547 3903; x_wconf 85' lang='lat' dir='ltr'>pervigilata</span> <span class='ocrx_word' id='word_1_270' title='bbox 580 3809 835 3882; x_wconf 83' lang='lat' dir='ltr'>transcurrentes</span> <span class='ocrx_word' id='word_1_271' title='bbox 870 3818 911 3882; x_wconf 88' lang='lat' dir='ltr'>ad</span> <span class='ocrx_word' id='word_1_272' title='bbox 943 3817 1030 3904; x_wconf 86' lang='lat' dir='ltr'>ipsas</span> <span class='ocrx_word' id='word_1_273' title='bbox 1064 3819 1267 3903; x_wconf 87' lang='lat' dir='ltr'>antiquorum</span> <span class='ocrx_word' id='word_1_274' title='bbox 1303 3819 1444 3885; x_wconf 90' lang='lat' dir='ltr'>neoteri-</span> 
     </span>
     <span class='ocr_line' id='line_1_33' title="bbox 180 3923 1443 4016; baseline 0 -26"><span class='ocrx_word' id='word_1_275' title='bbox 180 3947 353 4016; x_wconf 88' lang='lat' dir='ltr'>corumque</span> <span class='ocrx_word' id='word_1_276' title='bbox 381 3924 588 4010; x_wconf 87' lang='lat' dir='ltr'>symphonias</span> <span class='ocrx_word' id='word_1_277' title='bbox 616 3923 819 3990; x_wconf 84' lang='lat' dir='ltr'>diffiniendas</span> <span class='ocrx_word' id='word_1_278' title='bbox 848 3925 1048 3990; x_wconf 90' lang='lat' dir='ltr'>accessimus.</span> <span class='ocrx_word' id='word_1_279' title='bbox 1093 3926 1220 3992; x_wconf 89' lang='lat' dir='ltr'>Deinde</span> <span class='ocrx_word' id='word_1_280' title='bbox 1246 3949 1304 4010; x_wconf 89' lang='lat' dir='ltr'>per</span> <span class='ocrx_word' id='word_1_281' title='bbox 1330 3949 1443 3992; x_wconf 89' lang='lat' dir='ltr'>nume-</span> 
     </span>
     <span class='ocr_line' id='line_1_34' title="bbox 179 4031 1445 4120; baseline 0.002 -23"><span class='ocrx_word' id='word_1_282' title='bbox 179 4056 289 4098; x_wconf 91' lang='lat' dir='ltr'>rorum</span> <span class='ocrx_word' id='word_1_283' title='bbox 310 4035 477 4117; x_wconf 87' lang='lat' dir='ltr'>passiones</span> <span class='ocrx_word' id='word_1_284' title='bbox 498 4033 637 4120; x_wconf 81' lang='lat' dir='ltr'>ingressi</span> <span class='ocrx_word' id='word_1_285' title='bbox 661 4036 694 4098; x_wconf 91' lang='lat' dir='ltr'>et</span> <span class='ocrx_word' id='word_1_286' title='bbox 715 4031 847 4097; x_wconf 87' lang='lat' dir='ltr'>frivolas</span> <span class='ocrx_word' id='word_1_287' title='bbox 877 4037 1043 4098; x_wconf 91' lang='lat' dir='ltr'>cantorum</span> <span class='ocrx_word' id='word_1_288' title='bbox 1067 4033 1234 4118; x_wconf 90' lang='lat' dir='ltr'>opiniones</span> <span class='ocrx_word' id='word_1_289' title='bbox 1256 4034 1346 4098; x_wconf 84' lang='lat' dir='ltr'>iuxta</span> <span class='ocrx_word' id='word_1_290' title='bbox 1368 4057 1445 4118; x_wconf 92' lang='lat' dir='ltr'>pro-</span> 
     </span>
     <span class='ocr_line' id='line_1_35' title="bbox 179 4140 1444 4226; baseline -0.001 -17"><span class='ocrx_word' id='word_1_291' title='bbox 179 4142 344 4226; x_wconf 87' lang='lat' dir='ltr'>portiones</span> <span class='ocrx_word' id='word_1_292' title='bbox 373 4141 530 4207; x_wconf 87' lang='lat' dir='ltr'>evitantes</span> <span class='ocrx_word' id='word_1_293' title='bbox 558 4142 599 4206; x_wconf 88' lang='lat' dir='ltr'>ad</span> <span class='ocrx_word' id='word_1_294' title='bbox 624 4141 953 4226; x_wconf 85' lang='lat' dir='ltr'>proportionalitates,</span> <span class='ocrx_word' id='word_1_295' title='bbox 983 4141 1098 4225; x_wconf 90' lang='lat' dir='ltr'>quibus</span> <span class='ocrx_word' id='word_1_296' title='bbox 1125 4140 1334 4226; x_wconf 88' lang='lat' dir='ltr'>symphoniae</span> <span class='ocrx_word' id='word_1_297' title='bbox 1361 4147 1444 4208; x_wconf 88' lang='lat' dir='ltr'>tam·</span> 
     </span>
     <span class='ocr_line' id='line_1_36' title="bbox 180 4248 1443 4336; baseline 0.002 -22"><span class='ocrx_word' id='word_1_298' title='bbox 180 4272 278 4336; x_wconf 88' lang='lat' dir='ltr'>quam</span> <span class='ocrx_word' id='word_1_299' title='bbox 299 4249 516 4314; x_wconf 78' lang='lat' dir='ltr'>fundamentis</span> <span class='ocrx_word' id='word_1_300' title='bbox 539 4249 730 4332; x_wconf 88' lang='lat' dir='ltr'>innituntur,</span> <span class='ocrx_word' id='word_1_301' title='bbox 755 4249 946 4314; x_wconf 88' lang='lat' dir='ltr'>accessimus</span> <span class='ocrx_word' id='word_1_302' title='bbox 970 4253 1003 4314; x_wconf 89' lang='lat' dir='ltr'>et</span> <span class='ocrx_word' id='word_1_303' title='bbox 1024 4248 1277 4314; x_wconf 89' lang='lat' dir='ltr'>monochordum</span> <span class='ocrx_word' id='word_1_304' title='bbox 1297 4255 1443 4316; x_wconf 87' lang='lat' dir='ltr'>nostrum</span> 
     </span>
     <span class='ocr_line' id='line_1_37' title="bbox 179 4355 1224 4440; baseline -0.003 -17"><span class='ocrx_word' id='word_1_305' title='bbox 179 4361 268 4423; x_wconf 88' lang='lat' dir='ltr'>recte</span> <span class='ocrx_word' id='word_1_306' title='bbox 290 4377 349 4440; x_wconf 90' lang='lat' dir='ltr'>per</span> <span class='ocrx_word' id='word_1_307' title='bbox 370 4377 520 4420; x_wconf 90' lang='lat' dir='ltr'>numeros</span> <span class='ocrx_word' id='word_1_308' title='bbox 545 4379 614 4422; x_wconf 90' lang='lat' dir='ltr'>esse</span> <span class='ocrx_word' id='word_1_309' title='bbox 639 4356 776 4421; x_wconf 89' lang='lat' dir='ltr'>divisum</span> <span class='ocrx_word' id='word_1_310' title='bbox 799 4356 961 4422; x_wconf 89' lang='lat' dir='ltr'>subtiliter</span> <span class='ocrx_word' id='word_1_311' title='bbox 982 4355 1224 4422; x_wconf 84' lang='lat' dir='ltr'>insinuavimus.</span> 
     </span>
    </p>
   </div>
   <div class='ocr_carea' id='block_1_6' title="bbox 267 4511 1118 4580">
    <p class='ocr_par' dir='ltr' id='par_1_7' title="bbox 267 4511 1118 4580">
     <span class='ocr_line' id='line_1_38' title="bbox 267 4511 1118 4580; baseline -0.001 -15"><span class='ocrx_word' id='word_1_312' title='bbox 267 4515 276 4550; x_wconf 82' lang='lat'>1</span> <span class='ocrx_word' id='word_1_313' title='bbox 295 4511 365 4565; x_wconf 79' lang='lat' dir='ltr'>A81</span> <span class='ocrx_word' id='word_1_314' title='bbox 385 4511 604 4580; x_wconf 87' lang='lat' dir='ltr'>composuimus.</span> <span class='ocrx_word' id='word_1_315' title='bbox 817 4513 828 4548; x_wconf 75' lang='lat'><strong>2</strong></span> <span class='ocrx_word' id='word_1_316' title='bbox 847 4511 916 4566; x_wconf 87' lang='grc' dir='ltr'>Α81</span> <span class='ocrx_word' id='word_1_317' title='bbox 937 4512 1118 4567; x_wconf 88' lang='lat' dir='ltr'>discedendo.</span> 
     </span>
    </p>
   </div>
   <div class='ocr_carea' id='block_1_7' title="bbox 0 0 1872 5572">
    <p class='ocr_par' dir='ltr' id='par_1_8' title="bbox 0 0 1872 5572">
     <span class='ocr_line' id='line_1_39' title="bbox 0 0 1872 5572; baseline 0 1"><span class='ocrx_word' id='word_1_318' title='bbox 0 0 1872 5572; x_wconf 95' lang='lat' dir='ltr'> </span> 
     </span>
    </p>
   </div>
  </div>
 </body>
</html>
