3742 5528
716 312 930 376 -11-

577 527 822 610 capitulum
841 517 1066 610 quartum.

188 662 349 758 Figurae
368 662 626 756 praecedentis
653 665 701 734 ad
728 687 837 734 usum
859 671 1053 736 cantorum
1071 663 1217 736 subtilis
1240 664 1454 759 applicatio.

190 809 352 946 OMNES
385 811 514 896 quidem
548 809 607 876 has
637 811 763 876 litteras
790 813 907 898 viginti
936 811 1074 896 Guido,
1108 812 1284 878 monachus
1318 813 1454 878 fortasse

225 917 350 983 melior
372 941 468 1003 quarn
482 919 632 1002 musicus,
656 919 862 984 tetrachordo
885 925 988 1004 utens,
1014 922 1089 985 dum
1108 920 1347 986 hexachordum
1370 943 1457 988 coma

186 1025 289 1110 ponit,
319 1027 485 1110 amplexus
513 1030 570 1092 est.
616 1026 658 1091 Et
690 1028 731 1092 ad
760 1027 945 1093 huiusmodi
970 1016 1210 1094 hexachordum
1238 1028 1300 1094 hac
1329 1029 1455 1094 ratione

187 1133 371 1217 compulsus
396 1139 454 1216 est,
478 1135 629 1218 quoniam
653 1135 799 1200 senarius
821 1157 974 1201 numerus
998 1160 1018 1200 a
1031 1136 1270 1202 mathematicis
1292 1137 1455 1221 perfectus

100 1300 104 1304 .
192 1241 317 1325 dicitur,
350 1243 425 1327 quia
452 1246 561 1326 partes
585 1243 654 1308 eius
678 1243 843 1329 aliquotae
871 1244 967 1308 simul
989 1249 1136 1329 sumptae
1162 1246 1267 1329 ipsum
1294 1245 1456 1311 senarium

190 1349 287 1413 simul
309 1351 518 1433 constituunt,
550 1335 674 1416 scilicet
703 1352 732 1415 1.
757 1352 786 1415 2.
817 1351 846 1432 3,
879 1374 960 1436 quae
984 1353 1080 1417 simul
1109 1376 1165 1418 sex
1188 1358 1392 1437 componunt,
1424 1358 1456 1417 et

188 1456 353 1540 quaelibet
368 1457 463 1523 huius
478 1457 676 1524 hexachordi
692 1459 812 1524 chorda
828 1483 847 1524 a
862 1481 918 1524 sex
933 1461 1045 1544 primis
1061 1461 1194 1545 syllabis
1210 1484 1266 1526 sex
1279 1463 1455 1527 dictionum

187 1565 261 1649 (pag.
282 1569 323 1650 10)
355 1565 468 1650 hymni
495 1566 598 1632 saneti
620 1566 778 1632 Johannis
801 1559 968 1651 Baptistae
995 1591 1114 1634 nornen
1147 1571 1284 1654 accepit,
1316 1569 1453 1634 scilicet:

271 1682 317 1737 Ut
339 1679 462 1759 queant
480 1674 572 1739 laxis.
618 1685 782 1740 Resonare
805 1675 905 1741 fibris.

271 1789 357 1846 Mira
378 1786 553 1868 gestorum.
584 1783 713 1847 Famuli
734 1788 873 1849 tuorum.

270 1900 367 1954 solve
389 1891 515 1974 polluti.
562 1892 658 1956 Labii
680 1896 815 1957 reatum.

272 1998 390 2063 Sancte
413 1999 588 2064 Johannea
657 2079 658 2082 Ἴ

273 2107 367 2179 Unde
383 2108 509 2171 sirecte
521 2111 596 2190 post
608 2107 786 2191 quemlibet
794 2111 948 2190 punctum
959 2108 1097 2191 primam
1109 2107 1266 2191 syllabam
1276 2107 1455 2190 inspexeri-

184 2237 265 2298 mus,
289 2214 349 2279 has
371 2236 467 2280 voces
491 2236 547 2279 sex
571 2214 791 2280 extrahemus:
815 2221 861 2298 at,
884 2236 926 2294 rc,
951 2217 1007 2298 rra',
1030 2216 1077 2299 fa,
1093 2217 1147 2298 cot,
1164 2217 1211 2294 la,·
1236 2220 1268 2279 ct
1289 2237 1454 2300 unaquae-

186 2345 247 2408 que
278 2345 297 2387 a
329 2323 392 2388 sibi
421 2322 602 2406 propinqua
631 2323 780 2388 omnibus
812 2322 955 2387 seriatim
983 2323 1099 2406 positis
1129 2346 1187 2408 per
1214 2329 1327 2388 tonum
1356 2324 1454 2388 distat

186 2435 317 2516 praeter
331 2432 377 2515 fa,
397 2433 482 2515 quod
498 2455 517 2494 a
531 2431 580 2494 mr'
593 2453 652 2515 per
669 2431 834 2496 semitonii
849 2431 990 2514 spatium
1006 2432 1150 2496 discedit.
1197 2431 1341 2496 Habebit
1354 2431 1453 2517 igitur

186 2541 266 2606 duos
282 2544 377 2604 tonos
394 2539 454 2603 sub
477 2561 512 2604 se
529 2539 673 2622 duosque
689 2561 796 2623 supra.
823 2539 866 2603 Et
881 2561 953 2604 cum
967 2540 1072 2624 prima
1086 2539 1197 2604 littera
1209 2562 1239 2624 9,
1264 2562 1346 2624 quae
1364 2545 1393 2604 Γ
1407 2540 1454 2604 di-

186 2647 278 2730 citur,
302 2654 343 2711 at
363 2647 488 2731 syllaba
509 2647 617 2731 posita
639 2647 675 2711 fit
699 2650 815 2730 totum,
841 2648 927 2731 quod
951 2653 981 2712 Γ
997 2655 1038 2712 at
1056 2652 1272 2732 nuncupatur;
1303 2652 1453 2712 eterra1

185 2755 295 2820 littera
319 2759 351 2820 et
371 2777 407 2820 rc
429 2754 554 2840 syllaba
575 2754 621 2836 fit,
647 2757 732 2839 quod
756 2755 873 2820 dicitur
895 2777 915 2819 a
936 2777 979 2820 re.
1020 2755 1177 2821 Similiter
1200 2779 1241 2820 ex
1263 2755 1405 2820 blittera
1422 2759 1454 2820 et
1533 2838 1534 2842 Ἰ

185 2863 234 2926 rar'
256 2863 381 2947 syllaba
403 2864 421 2926 b
443 2865 500 2947 rrrr',
526 2885 565 2928 ex
586 2885 603 2928 c
624 2863 735 2927 littera
759 2866 791 2927 et
812 2865 850 2948 fa
873 2863 997 2946 syllaba
1019 2885 1035 2927 c
1055 2865 1101 2948 fa,
1128 2886 1166 2928 ex
1188 2866 1210 2928 rt
1232 2868 1265 2928 et
1286 2866 1333 2928 sot
1353 2866 1376 2928 rt
1396 2865 1451 2948 col,

187 2993 226 3035 ex
248 2992 264 3034 e
288 2975 320 3036 et
342 2973 373 3035 ta
395 2993 411 3036 e
432 2973 471 3036 la.
511 2970 554 3035 Et
573 2975 609 3035 ut
624 2971 757 3035 Boetii
775 2969 952 3035 doctrinam
967 2970 1158 3054 imitaretur,
1184 2993 1266 3056 quae
1281 2995 1340 3056 per
1353 2976 1453 3036 tetra-

186 3080 306 3145 chorda
328 3083 432 3144 totam
456 3079 570 3144 dividit
592 3077 805 3156 harmoniam,
837 3100 909 3143 curn
937 3079 977 3142 ad
1006 3083 1155 3163 quartum
1177 3079 1284 3144 locum
1306 3080 1454 3163 pervenit

186 3187 339 3252 videlicet
371 3209 388 3251 c
419 3188 466 3271 fa,
500 3187 619 3251 iterum
647 3185 887 3251 hexachordum
918 3188 1010 3271 quasi
1036 3187 1214 3274 propagine
1249 3187 1334 3252 tacta
1366 3189 1453 3252 aliud

186 3296 314 3361 emittit.
361 3295 397 3360 si
420 3299 528 3360 autem
551 3317 623 3360 cum
646 3317 662 3359 c
684 3296 722 3378 fa
743 3301 783 3360 at
796 3295 921 3378 syllaba
940 3299 1087 3379 ponatur,
1110 3300 1216 3361 totum
1238 3297 1453 3380 compositum

184 3425 201 3468 c
221 3407 314 3489 faut
335 3404 517 3488 appellatur
540 3409 572 3468 et
594 3405 802 3468 continuatur
829 3425 901 3468 cunr
928 3404 1054 3468 dact-re
1077 3407 1109 3468 et
1131 3425 1204 3468 cum
1226 3426 1242 3468 c
1263 3406 1367 3489 la-rra',
1396 3405 1452 3470 ubi

184 3513 324 3595 primum
346 3511 456 3576 finitur
477 3510 726 3577 hexaohordum.
774 3511 839 3577 Sed
863 3533 935 3576 cunr
959 3532 998 3576 ex
1019 3510 1137 3577 litteris
1159 3513 1182 3596 f
1192 3517 1353 3596 sequatur,
1379 3533 1452 3578 cum

183 3621 222 3704 fa
244 3619 461 3685 tetrachordi2
484 3619 616 3684 secundi
644 3619 769 3703 syllaba
791 3621 969 3685 utiterum
992 3618 1178 3702 collocatur,
1204 3642 1285 3704 quae
1309 3622 1450 3699 secundi,

272 3813 395 3868 1Ramis
414 3813 537 3869 braucht
553 3812 650 3882 htufig
668 3811 764 3867 kleine
778 3810 1020 3868 Tonbuchs'taben
1038 3814 1113 3866 ohne
1131 3811 1298 3882 Beziehung
1319 3813 1373 3868 auf
1388 3813 1452 3869 eine

177 3901 349 3955 ¹bestimmte
368 3899 487 3955 Oktava
523 3898 588 3953 ihre
606 3898 683 3968 Lago
701 3898 774 3953 wird
793 3902 852 3953 erat
868 3899 1018 3954 bestimmt
1037 3898 1128 3952 durch
1146 3898 1192 3952 die
1211 3898 1453 3955 hinzutretenden

185 3986 505 4042 Solmisations·Silban.
534 3986 586 4041 Die
606 3986 696 4039 'altera
717 3985 780 4040 Zeit
796 3985 945 4040 zeichnete
964 3985 1011 4040 die
1029 3985 1273 4041 Tonbuehstabcn
1291 3986 1342 4039 der
1357 4003 1452 4054 praees

183 4072 238 4126 mit
250 4073 358 4142 grossmr
372 4073 436 4137 [A-
443 4071 483 4139 θ),
503 4073 553 4126 der
571 4077 666 4126 acutae
683 4071 738 4125 mit
755 4071 873 4126 kleinen
887 4075 971 4141 (ιι-9)
991 4071 1051 4125 und
1064 4071 1114 4126 der
1126 4077 1303 4140 superacutae
1315 4071 1369 4125 mit
1382 4073 1452 4142 dop-

96 4193 101 4199 ·
183 4166 284 4237 pelten
306 4165 424 4220 kleinen
441 4166 624 4220 Buchstaben
645 4151 732 4248 (Η)
753 4165 812 4234 auf;
837 4167 891 4221 mit
913 4166 1003 4221 ihnen
1027 4167 1192 4222 verbanden
1217 4167 1280 4221 sich
1304 4168 1380 4222 dann
1404 4166 1450 4220 die

184 4259 506 4316 Solmisations·Silben.
542 4262 575 4315 In
594 4261 645 4315 der
663 4261 820 4330 folgenden
838 4261 927 4332 Figur
945 4262 1010 4316 sind
1028 4262 1068 4315 im
1080 4261 1177 4316 Druck
1195 4261 1284 4332 grosse
1303 4260 1452 4316 Tonbuch·

64 4396 68 4404 ,
183 4349 285 4403 staben
303 4337 477 4401 verwdndet.

154 4468 160 4476 -
269 4434 281 4470 2
298 4433 546 4504 Mbglicherweiae
563 4435 638 4504 liegt
655 4433 718 4488 hier
737 4432 801 4488 eine
814 4433 1041 4505 Verwechslung
1058 4435 1113 4491 mit
1128 4436 1293 4490 beauchordr'
1307 4451 1365 4503 vor,
1384 4434 1451 4488 wie-

183 4519 260 4574 wohl
280 4519 341 4574 sich
359 4519 523 4574 tetrachordi
540 4537 590 4575 aus
610 4523 676 4576 dem
688 4520 817 4576 Hinweis
836 4519 888 4575 auf
904 4520 950 4576 die
963 4521 1219 4576 Tetrachordlehre
1238 4521 1288 4575 des
1307 4520 1450 4575 Boetius

185 4605 317 4660 erklaren
335 4605 405 4660 lasst.
