3742 5528
699 289 917 359 4,-

272 469 433 534 Boetius
455 491 514 552 per
535 469 741 535 tetrachorda
764 468 1017 535 monochordum
1040 469 1154 534 diuidit
1180 468 1241 535 hoc
1263 471 1375 536 modo:
1398 471 1452 534 be

185 579 325 662 primurn
354 577 608 661 tetrachordum,
643 578 817 643 seeundum
847 599 863 641 e
888 579 922 661 b,
956 577 1003 643 ita
1036 580 1122 662 quod
1148 599 1164 642 e
1189 577 1262 642 finis
1291 578 1387 663 primi
1420 583 1453 644 et

187 685 321 751 secundi
350 684 544 770 principium
575 688 639 765 est3
668 690 700 751 et
722 685 821 750 simili
847 686 943 751 modo
966 688 987 750 b
1008 688 1027 751 l.
1074 685 1138 752 Sed
1167 687 1293 771 quando
1321 708 1453 772 praece·

188 793 294 860 dentis
309 794 382 860 finis
397 817 456 879 pro
473 795 636 878 sequentis
652 792 849 860 tetrachordi
864 795 1023 878 principio
1043 793 1188 877 sumitur,
1212 794 1452 860 tetrachordum

186 903 396 968 coniunctum
425 903 550 984 dicitur,
580 904 665 987 quod
693 897 809 968 Graeci
837 923 1068 987 synemmenon
1097 903 1271 989 appellant.
1317 900 1454 980 Quando

92 1016 94 1020 ”
188 1015 296 1076 autem
322 1013 343 1075 h
369 1012 454 1077 idest
482 1011 579 1094 primi
607 1011 674 1075 sive
700 1011 924 1094 praecedentis
952 1011 1024 1076 finis
1052 1033 1111 1096 pro
1138 1011 1271 1076 secundi
1302 1011 1369 1075 sive
1402 1031 1453 1074 se-

189 1120 317 1204 quentis
339 1119 497 1205 principio
520 1141 585 1184 non
608 1119 756 1201 sumitur,
789 1120 845 1184 sed
876 1141 1013 1203 sequens
1040 1119 1281 1184 tetrachordum
1304 1141 1323 1182 a
1344 1108 1454 1202 dqua-

188 1228 281 1293 drato
304 1229 404 1293 sumit
424 1227 553 1292 initium
578 1230 610 1292 et
624 1248 683 1311 per
704 1229 724 1290 le
745 1229 757 1292 l
777 1228 980 1311 procedendo
1003 1228 1037 1293 in
1051 1249 1085 1292 m
1101 1227 1234 1307 sistitur,
1260 1227 1453 1292 disiunctum

188 1335 299 1419 latine,
323 1356 439 1422 graece
453 1357 531 1400 vero
548 1335 805 1421 diezeugmenon
822 1340 1034 1420 nuncupatur,
1059 1336 1144 1420 quod
1158 1336 1216 1400 illa
1236 1334 1452 1401 contermina¹

188 1443 394 1508 tetrachorda
409 1443 570 1509 communi
585 1442 649 1508 fine
664 1465 730 1508 non
746 1443 963 1526 copulantur²‚
989 1444 1046 1509 sed
1067 1443 1261 1528 principium
1284 1442 1415 1509 secundi
1436 1464 1454 1505 a

189 1552 286 1636 primi
313 1551 376 1616 fine
403 1573 462 1635 per
490 1552 562 1616 toni
590 1551 777 1617 distantiam
807 1551 975 1618 dirimitur.
1025 1552 1147 1636 Estque
1178 1553 1325 1636 quintum
1353 1555 1455 1616 tetra·

189 1659 343 1724 chordum
372 1681 406 1724 m
429 1682 463 1745 p,
497 1660 581 1744 quod
614 1658 848 1743 hyperboleon,
879 1659 941 1725 hoo
973 1665 1021 1726 est
1054 1660 1293 1742 excellentium,
1329 1659 1453 1724 dicitur

187 1765 308 1832 Omnes
332 1768 418 1831 enim
440 1767 528 1831 illius
552 1767 690 1832 chordae
714 1790 826 1832 omnes
849 1768 986 1834 aliorum
1013 1767 1292 1834 tetrachordorum
1318 1766 1454 1832 chordas

188 1876 336 1940 acumine
360 1874 624 1961 sublimitateque
648 1881 809 1960 superant.

274 1985 418 2048 Primum
447 1987 554 2048 autem
580 1983 821 2049 tetrachordum
847 2006 963 2070 graece
990 1984 1146 2068 hypaton,
1178 1984 1263 2068 quod
1292 1987 1342 2048 est
1367 1984 1456 2066 prin-

187 2091 342 2175 cipalium
378 2092 445 2156 sive
482 2091 672 2156 inferiorum
690 2091 820 2175 latine,
856 2092 1030 2156 secundum
1063 2091 1305 2156 tetrachordum
1339 2112 1455 2176 graece

186 2221 316 2282 meson,
359 2221 492 2264 romane
537 2201 724 2266 mediarum.
790 2198 845 2265 Sic
887 2203 996 2264 autem
1036 2199 1139 2265 divisa
1188 2203 1236 2264 est
1276 2197 1454 2281 harmonia,

191 2307 344 2390 quoniam
366 2310 483 2370 natura
506 2306 641 2371 docente
669 2306 714 2371 sic
736 2307 869 2393 regitur,
899 2311 936 2370 ut
957 2311 1032 2391 post
1059 2307 1139 2372 duos
1165 2310 1260 2371 tonos
1284 2305 1456 2370 semitonio

189 2419 397 2498 temperetur.
451 2413 598 2479 Ohordae
630 2419 750 2492 autem,
780 2436 915 2499 quarum
945 2416 1077 2480 nomina
1104 2418 1179 2479 sunt
1208 2414 1347 2494 diversa,
1383 2416 1455 2477 octo

189 2544 324 2586 numero
340 2526 424 2603 sunt,
447 2521 510 2587 hoe
526 2526 588 2586 est:
626 2521 755 2606 hypate,
779 2521 967 2607 parhypate,
991 2521 1146 2606 lichanos,
1163 2543 1261 2603 mese,
1277 2541 1455 2604 paramese,

189 2630 274 2712 trite,
300 2634 464 2713 paranete,
488 2633 571 2694 nete.
618 2629 746 2714 Hypata
769 2631 955 2714 principalis
979 2630 1110 2709 dicitur3
1134 2630 1218 2694 unde
1243 2629 1358 2694 (dracoi
1382 2650 1457 2693 con-

190 2737 295 2803 sulem
327 2737 469 2821 hypaten
503 2742 629 2803 vocant.
685 2737 868 2822 Parhypate
905 2738 967 2803 hoc
1006 2743 1055 2803 est
1090 2737 1180 2802 iuxta
1211 2736 1455 2821 principalem³;
1575 2773 1577 2778 v

189 2845 336 2910 lichanos
366 2846 451 2910 dicta
475 2849 536 2929 est,
568 2847 720 2930 quoniam
750 2847 852 2928 (iuxta
873 2846 1004 2912 Boetii
1028 2846 1232 2928 sententiam)
1255 2844 1371 2926 indice,
1402 2844 1458 2929 qui

190 2952 337 3018 lichanos
359 2975 475 3039 graece
499 2953 628 3032 dicitur,
658 2954 900 3037 percutiebatur
926 2954 979 3018 vel
1000 2955 1196 3040 tangebatur
1222 2953 1326 3036 primo
1354 2951 1457 3037 digito

191 3061 334 3146 hypaten
363 3061 514 3142 feriente3
545 3085 633 3127 mese
663 3062 749 3126 idest
775 3062 894 3144 media,
929 3063 1015 3146 quod
1042 3064 1077 3127 in
1103 3061 1323 3146 heptachordo
1351 3059 1458 3124 medio

190 3169 262 3234 loco
285 3174 437 3253 ponatur,
461 3192 629 3253 paramese
651 3170 737 3236 idest
758 3170 848 3234 iuxta
868 3169 1021 3251 mediam,
1046 3171 1103 3234 sed
1125 3171 1202 3234 trite
1222 3168 1347 3250 dicitur,
1373 3168 1458 3252 quod

192 3282 266 3342 ante
300 3282 398 3341 neten
438 3277 480 3341 sit
512 3278 623 3358 tertia,
661 3282 816 3362 paranete
850 3269 928 3342 hoo¹
948 3282 996 3343 art
1036 3299 1136 3362 prope
1172 3282 1269 3342 neten
1310 3280 1342 3342 et
1381 3281 1457 3341 nete

190 3383 326 3449 inferior
346 3406 412 3449 non
436 3385 565 3470 quidem
588 3408 677 3469 sono,
706 3387 762 3451 sed
784 3385 957 3452 locutione.

279 3491 463 3557 Secundum
495 3515 586 3577 vero,
622 3496 708 3577 quod
740 3494 802 3559 hae
836 3494 975 3560 chordae
1008 3494 1043 3559 in
1077 3495 1210 3559 diversis
1244 3493 1457 3558 tetrachordis

192 3605 352 3685 aptantur,
379 3602 505 3665 diversa
527 3623 599 3665 cum
623 3602 762 3684 quodam
785 3603 969 3668 addimento
992 3603 1124 3667 nomina
1146 3602 1332 3667 sortiuntur.
1370 3600 1460 3666 Dici-

191 3713 245 3772 tur
268 3709 367 3773 enim:
392 3708 510 3793 hypate
533 3708 685 3793 hypaton,
709 3709 887 3794 parhypate
902 3710 1056 3795 hypaton,
1079 3709 1224 3776 lichanos
1244 3709 1401 3794 hypaton;
1427 3713 1459 3772 et

193 3817 351 3900 sequitur:
379 3816 648 3901 hypatemeson,
678 3818 1003 3903 parhypatemeson,
1035 3818 1182 3884 lichanos
1207 3840 1329 3900 meson,
1359 3838 1456 3895 mese,

193 3923 269 3987 trite
297 3946 541 4008 synemmenon,
568 3930 724 4009 paranete
754 3948 992 4010 synemmenon,
1021 3931 1096 3992 nete
1124 3947 1356 4011 synemmenon
1383 3946 1458 3990 con-

193 4029 338 4097 iunctim.
384 4032 449 4098 Sed
472 4057 491 4096 a
513 4055 601 4098 mese
625 4033 819 4120 disiungitur
840 4057 898 4118 per
919 4039 1032 4100 tonum
1053 4056 1221 4119 paramese
1245 4038 1277 4099 et
1299 4033 1456 4118 sequitur:

193 4139 270 4204 trite
301 4141 572 4226 diezeugmenon,
600 4147 754 4224 paranete
784 4143 1050 4228 diezeugmenon,
1083 4147 1158 4208 nete
1195 4143 1458 4228 diezeugmenon,

193 4247 269 4311 trite
299 4246 533 4332 hyperboleon,
563 4255 717 4333 paranete
745 4250 978 4335 hyperboleon,
1011 4253 1086 4315 nete
1113 4249 1343 4334 hyperboleon.
1395 4249 1460 4315 Sed

283 4420 291 4454 ¹
310 4433 375 4470 cum
393 4417 524 4472 termina.

280 4504 291 4541 2
309 4503 488 4572 copulentur.

279 4593 290 4630 ³
308 4588 477 4661 principale.
