3742 5528
718 305 931 370 ...39-

195 482 305 548 littera
327 484 349 547 et
375 481 409 546 iu
434 504 458 546 e.
505 481 558 546 sic
582 484 615 546 et
641 479 725 544 siin
752 481 773 564 s
796 484 934 564 ponatur
956 468 972 562 b
991 482 1043 546 vel
1066 489 1101 563 tt,
1134 481 1278 560 elevatur
1301 483 1333 544 et
1358 480 1395 544 fit
1417 481 1458 546 ab

194 592 267 677 fin
287 614 316 675 p.
368 591 498 655 Verum
518 612 590 655 cum
620 612 678 674 per
705 589 846 674 aliquem
877 591 1123 656 accidentalium
1152 591 1297 656 ordinem
1329 592 1458 654 cantare

195 696 351 778 volumus,
376 694 584 760 semitonium
607 694 752 778 sequitur
773 698 848 778 post
871 695 950 760 duos
973 698 1081 776 tonos3
1112 695 1158 760 sic
1181 699 1214 759 et
1242 693 1457 777 coniunctum,

195 804 241 870 sic
265 803 362 868 etiam
380 807 412 868 et
427 802 620 868 disiunctum
636 801 886 886 tetrachordum,
909 804 994 888 quod
1010 803 1129 868 dictum
1152 801 1215 868 fuit
1235 802 1311 868 ficta
1326 803 1457 866 musica.

194 908 237 974 Et
259 912 335 974 tunc
359 908 535 974 cavendum
558 911 608 972 est
629 931 649 972 a
669 907 810 972 naturali
833 907 916 973 sicut
939 910 979 975 ab
1001 906 1200 974 accidentali.
1239 905 1374 984 Quando
1401 928 1459 990 per

194 1017 375 1082 naturalem
397 1038 516 1100 verum,
541 1019 717 1082 sectatores
741 1015 945 1100 (luidonis,
968 1015 1229 1100 contemporanei
1252 1015 1363 1098 nostri,
1394 1036 1459 1080 non

193 1126 241 1192 ita
262 1125 394 1208 faciunt,
419 1127 475 1191 sed
499 1126 540 1190 ab
563 1124 754 1191 accidentali
777 1124 817 1190 ad
839 1125 1020 1192 naturalem
1043 1129 1075 1191 et
1098 1129 1247 1192 econtra
1272 1124 1459 1209 frequenter

195 1257 229 1300 se
252 1233 460 1318 transferunt,
485 1234 615 1319 quidam
642 1232 726 1298 forte
751 1237 784 1298 et
811 1255 898 1314 casu,
927 1234 1013 1318 quod
1040 1257 1105 1299 non
1131 1233 1319 1320 intelligant
1345 1237 1458 1298 cantus

195 1343 457 1428 compositonem,
483 1343 612 1427 quidam
633 1364 710 1408 vero
734 1365 773 1406 ex
794 1342 954 1408 industria
973 1346 1150 1428 astuteque.
1191 1343 1256 1408 Sed
1277 1342 1387 1427 quiex
1408 1341 1458 1406 in·

195 1453 318 1518 dustria
339 1451 401 1517 hoc
423 1451 559 1535 faciunt,
590 1451 721 1538 signant
749 1451 869 1516 lineam
900 1450 952 1516 vel
981 1453 1121 1535 spatium
1148 1451 1210 1517 hoc
1247 1451 1340 1538 signo
1372 1437 1457 1515 trel

193 1561 255 1628 hoc
279 1550 296 1643 l
319 1560 385 1626 sive
412 1559 476 1625 isto
498 1568 521 1616 tt
545 1565 577 1627 et
602 1564 679 1626 tunc
707 1561 883 1626 secundum
904 1560 986 1625 illud
1009 1560 1137 1647 signum
1159 1561 1320 1626 cantando
1346 1581 1457 1644 prose·

195 1675 343 1756 quuntur.
388 1670 510 1736 Dicunt
531 1674 649 1755 tamen,
674 1670 769 1754 quod,
796 1669 880 1734 siin
903 1669 1062 1753 principio
1086 1670 1214 1756 signum
1236 1670 1378 1754 positum
1405 1668 1456 1753 sit,

193 1802 251 1863 per
272 1782 377 1844 totum
399 1783 529 1844 cantum
553 1780 631 1845 ordo
654 1778 729 1843 talis
752 1779 972 1844 observandus
996 1782 1054 1844 est.
1099 1779 1128 1844 A
1169 1779 1286 1844 sinon
1311 1777 1346 1842 in
1367 1777 1458 1862 prin-

194 1888 278 1972 cipio
301 1888 358 1953 sed
379 1888 414 1952 in
435 1909 589 1973 processu
610 1890 757 1972 ponatur,
788 1888 905 1970 dicunt,
938 1888 1023 1972 quod
1052 1891 1179 1952 tantum
1203 1886 1262 1952 illa
1287 1891 1374 1970 nota,
1406 1887 1457 1952 cui

195 1996 375 2080 apponitur,
399 1996 487 2061 illius
510 1997 595 2082 signi
623 1996 769 2062 subiacet
794 1995 871 2081 legi.
916 1995 1010 2060 Unde
1038 2000 1071 2060 et
1096 1996 1201 2080 parias
1230 1995 1355 2061 faciunt
1381 2017 1457 2061 con·

193 2105 405 2170 siderationes
432 2106 467 2169 in
495 2104 616 2171 notulis
641 2104 795 2169 elevando
825 2103 949 2168 scilicet
976 2128 995 2168 a
1022 2103 1094 2170 loco
1121 2106 1252 2188 proprio
1275 2091 1457 2188 deprimen-

194 2213 306 2298 doque.
346 2213 429 2278 Nam
446 2213 474 2278 si
494 2213 529 2277 in
552 2215 569 2277 b
585 2215 632 2278 mt
650 2213 763 2279 notula
785 2213 829 2276 sit
843 2211 905 2278 hoc
920 2213 1049 2298 signet
1072 2212 1199 2298 signata
1223 2216 1344 2296 etpost
1365 2212 1456 2278 illam

193 2325 346 2406 sequatur
373 2322 476 2386 altera
501 2321 535 2386 in
562 2322 685 2406 afa-at
714 2323 778 2387 isto
802 2330 837 2405 tt,
867 2343 1060 2407 quamquam
1088 2320 1251 2386 semitonii
1281 2322 1315 2386 in
1343 2321 1455 2386 ordine

193 2429 333 2494 naturali
356 2431 400 2496 sit
421 2428 649 2514 intercapedo‚'
669 2435 802 2515 propter
825 2429 1064 2514 depressionem
1092 2431 1215 2513 primae
1246 2434 1278 2495 et
1304 2429 1458 2496 sublima-

193 2537 316 2603 tionem
350 2540 508 2604 secundae
545 2540 581 2603 in
613 2539 816 2605 semiditoni¹
850 2539 967 2605 transit
998 2538 1215 2604 intervallum.
1269 2538 1323 2604 Sic
1358 2543 1390 2603 et
1422 2539 1456 2602 in

194 2647 342 2713 omnibus
364 2647 445 2713 locis
468 2648 631 2714 semitonii
651 2647 840 2713 distantiam
861 2647 1110 2713 includentibus.
1150 2645 1243 2724 Quod
1266 2646 1293 2710 si
1315 2669 1379 2711 una
1395 2647 1456 2711 oda

190 2757 223 2820 in
258 2758 387 2821 eta-eat
415 2757 635 2840 perscribatur
666 2756 728 2823 hoc
758 2747 892 2843 signet>
922 2762 955 2822 et
988 2756 1090 2822 altera
1118 2755 1152 2820 in
1179 2757 1308 2841 afa-at
1332 2755 1396 2822 isto
1421 2766 1454 2839 tt,

191 2864 269 2929 licet
291 2865 393 2930 ditoni
421 2866 464 2930 sit
488 2865 705 2948 intervallum,
736 2865 933 2932 convertitur
960 2865 995 2930 in
1023 2864 1093 2931 toni
1121 2865 1320 2946 distantiam3
1349 2866 1395 2930 sic
1420 2865 1454 2930 in

192 2973 447 3059 quibuscumque
477 2972 557 3039 locis
586 2974 784 3058 praedictam
814 2974 1001 3040 distantiam
1031 2973 1279 3039 includentibus.
1332 2974 1455 3039 Eodem

191 3081 287 3148 modo
317 3083 355 3147 de
387 3081 458 3147 aliis
487 3082 664 3148 maioribus
693 3082 862 3167 speciebus
891 3083 1032 3147 fiendum
1061 3083 1282 3168 dogmatizant
1311 3086 1344 3146 et
1369 3081 1453 3165 talis,

192 3191 328 3272 dicunt2,
364 3191 441 3256 ordo
470 3196 644 3276 serretur3,
672 3193 757 3277 quod
786 3214 913 3276 semper
941 3191 1068 3278 signum
1092 3200 1115 3248 tt
1142 3191 1178 3256 in
1205 3191 1277 3256 loco
1304 3191 1455 3256 coniunc-

193 3305 300 3365 tarum
323 3301 507 3384 tquadrati
533 3305 686 3383 ponatur⁴
716 3306 748 3366 et
774 3301 836 3366 hoc
858 3301 927 3379 bin
953 3300 1033 3384 illis,
1059 3301 1094 3367 in
1121 3301 1237 3386 quibus
1255 3300 1453 3366 'coniunctae

191 3395 408 3492 trouu-(pag.
426 3407 503 3492 3lldi
526 3408 681 3474 locantur.

278 3759 286 3798 ¹
305 3757 459 3812 semitonii.
665 3758 676 3796 ²
696 3757 839 3813 dicuntur.
994 3763 1005 3800 ³
1024 3761 1127 3814 servet.
1444 3820 1447 3828 ,

275 3845 369 3915 ⁴Vgl.
388 3845 504 3899 Pietro
524 3844 626 3912 Aron,
648 3845 798 3899 Toseaactto
816 3846 987 3915 (Apptaata):
1013 3845 1062 3900 Ma
1084 3847 1112 3900 ta
1133 3852 1198 3900 uota
1219 3865 1253 3900 ae
1274 3848 1303 3901 la
1320 3865 1373 3902 saa
1390 3853 1454 3901 tem-

187 3932 282 4000 porale
299 3931 424 3999 quantita
440 3949 498 3984 aaa
515 3932 577 3985 mai
593 3931 729 3986 mediante
752 3933 791 3986 tal
812 3951 893 4001 sepao
916 3951 1002 3987 cresce
1024 3951 1058 3986 ae
1081 3935 1210 3988 diceresne
1231 3935 1308 3988 tratre
1330 3934 1353 3986 a't
1368 3951 1455 3988 suoao

188 4035 270 4087 praee
294 4023 317 4070 et
340 4023 429 4084 aerato,
454 4018 554 4086 a'tqaate
576 4036 656 4087 cepae
675 4025 798 4088 presente
821 4022 844 4068 tt<
870 4025 968 4074 estate
991 4020 1127 4074 ebiomato
1149 4023 1185 4075 da
1209 4019 1453 4076 Bartholomco

191 4103 297 4170 Remi,
316 4105 421 4158 marsico
439 4104 602 4174 dipaa'esc‘mo
620 4111 771 4160 veramente
794 4109 830 4160 da
847 4107 914 4176 opae'
930 4109 998 4160 dotto
1015 4112 1149 4175 venerato,
1173 4125 1253 4177 sepao
1271 4108 1302 4161 di
1318 4109 1333 4160 b
1351 4109 1454 4176 peredeo

190 4209 203 4243 e
221 4191 256 4243 da
273 4190 344 4257 frete
365 4191 506 4245 Gtocaaea‘
525 4190 612 4245 Ottobe'
628 4212 641 4246 e
657 4199 725 4247 stato
744 4194 880 4248 obiamato
897 4211 977 4264 sepau
996 4195 1026 4248 dc'
1043 4196 1200 4264 bqeeodrato
1212 4197 1319 4264 jaceate
1331 4201 1354 4249 et
1366 4202 1454 4265 questo

190 4273 205 4358 η
224 4278 260 4330 da
278 4277 321 4330 lae'
337 4296 350 4331 e
367 4283 435 4331 stato
453 4279 589 4333 ebiomato
607 4298 686 4348 sepau
703 4281 734 4333 da'
745 4279 760 4333 b
772 4283 875 4349 quadro
887 4287 961 4347 rato,
978 4282 1078 4350 liquati
1087 4283 1166 4337 aoma'
1176 4301 1226 4336 soa
1234 4283 1287 4351 pia
1298 4283 1454 4338 scitamenta

190 4364 356 4418 coresiderata'
373 4366 418 4418 ebe
441 4383 498 4420 aaa
515 4386 529 4420 e
549 4366 689 4420 chiamorc
707 4368 746 4421 tat
762 4386 841 4437 sepao
859 4372 882 4418 u
903 4369 993 4422 diesis.
1030 4369 1112 4422 Auoh
1131 4369 1278 4440 Spataro
1298 4370 1408 4436 [Errorc'
1423 4372 1454 4425 de

189 4451 350 4505 Fraacba'ao
373 4451 497 4519 (iotario,
516 4453 564 4506 fol.
577 4453 641 4519 48a)
664 4456 757 4508 neunt
778 4458 801 4506 >r
823 4471 902 4523 cepae
926 4455 957 4508 da'
978 4456 993 4508 b
1011 4457 1114 4524 quadro
1132 4457 1246 4525 jaceate.
1289 4456 1368 4511 Nach
1392 4457 1452 4512 ihm

189 4541 307 4608 erganzt
329 4537 391 4593 sich
415 4539 461 4593 die
481 4539 570 4593 durch
588 4539 719 4595 dasselbe
744 4539 884 4595 bewirkte
903 4539 1061 4612 Erhohung
1083 4541 1137 4595 mit
1164 4542 1228 4596 dem
1251 4542 1451 4598 diatonischcn

188 4624 333 4681 Halbtonc
352 4643 415 4680 aum
434 4623 588 4682 Ganztone.
