3750 5528
460 1123 461 1128 ,
519 1054 820 1128 'FRACTATUS
849 1051 1139 1126 SECUNDUS¹.

585 1265 828 1347 capitulum
857 1265 1057 1347 primurn.

226 1469 271 1540 ln
300 1494 374 1562 quo
403 1472 447 1541 de
475 1469 616 1563 triplici
642 1469 1033 1563 proportionalitatum
1066 1494 1202 1565 genere
1230 1470 1418 1543 subtiliter

709 1608 930 1701 disputatur.

121 1857 123 1864 ,
188 1792 330 1927 SICUT
345 1793 445 1879 igitur
461 1815 499 1857 ex
515 1806 722 1857 numerorum
736 1791 1006 1875 multiplicatione
1022 1791 1125 1857 relata
1137 1793 1382 1877 proportionum
1397 1816 1454 1875 ge-

248 1923 326 1965 nera
348 1901 576 1981 redundarunt,
602 1900 651 1964 ita
669 1900 915 1984 proportionum
937 1900 1165 1964 commixtione
1188 1905 1357 1984 perspecta
1379 1923 1455 1984 pro·
1496 1906 1503 1920 ‘

186 2009 412 2101 portionalitas
442 2012 638 2073 concreatur.
691 2007 750 2072 Est
779 2007 863 2071 enim
890 2008 1057 2089 proportio
1086 2009 1220 2072 duorum
1247 2030 1454 2073 numerorum

187 2119 227 2180 ad
249 2139 283 2181 se
306 2117 445 2182 invicem
474 2115 639 2186 habitudo.
685 2114 975 2198 Propertionalitas
1004 2121 1112 2178 autem
1140 2119 1189 2180 est
1218 2117 1353 2180 duarum
1380 2138 1455 2200 pro-

186 2225 371 2308 portionum
396 2225 436 2288 ad
459 2247 493 2288 se
516 2223 654 2287 invicem
676 2221 802 2286 relatio
851 2221 932 2286 Cum
954 2222 1054 2307 igitur
1076 2222 1241 2307 hucusque
1265 2224 1304 2287 de
1320 2245 1454 2306 propor-

185 2332 335 2397 tionibus
359 2332 466 2416 aliqua
489 2331 643 2395 fuerimus
666 2329 867 2413 perscrutati,
892 2334 1003 2412 restat,
1027 2335 1064 2394 ut
1087 2331 1125 2395 de
1141 2331 1455 2415 proportionalitati-

185 2443 246 2506 bus
281 2441 321 2503 ad
349 2437 446 2503 huius
475 2440 572 2522 primi
604 2438 778 2504 voluminis
807 2437 1079 2520 complementum
1114 2438 1270 2522 quaedem
1303 2438 1454 2522 practicis

185 2549 368 2612 necessaria
391 2548 608 2614 discutiamus.

270 2656 561 2739 Proportionalitas
583 2653 664 2719 haec
687 2658 814 2719 secatur
836 2654 871 2717 in
893 2653 1079 2718 continuam
1103 2658 1135 2718 et
1158 2657 1348 2736 separatam.
1394 2653 1454 2718 Est
1538 2647 1540 2652 ’

188 2764 272 2828 enirn
297 2765 458 2847 continua,
483 2786 554 2828 cum
578 2784 730 2827 numerus
752 2762 878 2826 medius
901 2762 952 2825 bis
976 2761 1114 2826 sumitur
1136 2762 1176 2826 ad
1200 2765 1343 2826 extrema
1366 2783 1454 2826 com-

185 2876 327 2955 paratus
355 2876 391 2936 ut
414 2873 443 2935 4.
467 2872 498 2934 6.
522 2871 552 2935 9.
597 2870 743 2935 Dicimus
767 2869 864 2934 enim:
900 2871 983 2934 sicut
1011 2893 1044 2934 se
1072 2868 1172 2934 habet
1194 2870 1215 2932 4
1238 2869 1279 2933 ad
1301 2869 1331 2951 6,
1361 2869 1453 2934 itali

190 2978 231 3042 ad
247 2979 276 3060 9,
302 2978 377 3063 quia
400 2979 599 3063 sesqualtera
624 2983 672 3042 est
687 2978 867 3061 utrobique.
905 2975 985 3042 Cum
1002 2981 1110 3041 autem
1132 2999 1197 3042 non
1212 2997 1295 3042 unus
1318 2978 1375 3041 sed
1391 2978 1453 3043 duo

186 3086 287 3150 medii
324 3091 399 3150 sunt
431 3087 565 3163 numeri,
602 3085 718 3150 dicitur
752 3089 901 3169 separata
934 3089 990 3149 aut
1018 3084 1232 3166 discontinua,
1265 3091 1302 3149 ut
1334 3084 1368 3146 in
1401 3083 1453 3148 his

184 3193 325 3257 numeris
348 3194 377 3258 4.
403 3193 432 3258 6.
457 3194 485 3256 8.
513 3193 610 3257 12111
632 3193 793 3258 discursus
816 3192 878 3257 hoc
900 3193 1013 3257 modo:
1037 3192 1120 3257 sicut
1142 3214 1176 3256 se
1199 3191 1299 3256 habet
1321 3190 1342 3254 6
1365 3192 1406 3255 ad
1421 3192 1451 3274 4,

186 3301 233 3364 ita
258 3300 297 3363 12
319 3302 359 3366 ad
375 3301 404 3365 8.
448 3301 484 3366 Si
506 3302 606 3386 igitur
620 3302 776 3365 terminos
792 3304 1022 3384 permutamus,
1048 3299 1266 3364 concludimus
1290 3299 1349 3364 sic:
1375 3320 1452 3384 ergo

189 3409 272 3473 sicut
300 3409 320 3471 8
352 3411 391 3473 ad
419 3409 449 3493 4,
479 3409 525 3473 ita
549 3407 589 3471 12
617 3409 657 3472 ad
679 3408 709 3472 6.
763 3408 801 3472 In
830 3405 935 3492 primo
967 3409 1053 3472 enim
1082 3408 1226 3472 discursu
1254 3405 1454 3491 sesqualtera

186 3516 366 3600 utrobique,
392 3518 425 3581 in
450 3517 654 3581 conclusione
678 3538 754 3581 vero
778 3516 883 3600 dupla.

272 3623 311 3689 Si*
334 3624 435 3711 igitur
463 3625 524 3690 hoc
552 3626 648 3689 modo
681 3625 716 3687 in
749 3624 883 3689 vocibus
912 3645 1047 3708 arguere
1078 3621 1283 3706 voluerimus,
1316 3626 1454 3705 quatuor

185 3750 281 3793 voces
307 3752 345 3793 ex
360 3727 589 3810 monochordo,
615 3750 696 3812 quae
719 3726 781 3792 hoc
796 3727 893 3792 modo
917 3749 951 3791 se
966 3725 1118 3807 habeant,
1142 3747 1268 3790 sumere
1288 3724 1450 3788 debemus.

187 3836 259 3901 Sint
283 3841 391 3900 autem
414 3857 434 3900 a
456 3857 473 3900 c
494 3838 517 3900 d
529 3837 555 3920 f,
578 3835 613 3899 in
637 3835 752 3919 quibus
776 3835 956 3899 discursum
978 3833 1134 3898 faciemus
1156 3832 1219 3899 hoc
1235 3833 1346 3898 modo:
1370 3833 1454 3897 sicut

184 3965 204 4007 a
232 3944 270 4008 ad
299 3965 323 4025 c,
360 3944 408 4007 ita
437 3945 459 4007 d
486 3943 526 4007 ad
553 3944 578 4027 s.
628 3943 825 4007 Permutatis
854 3964 931 4007 vero
958 3941 1077 4005 litteris
1109 3940 1342 4006 concludimus:
1370 3961 1453 4025 ergo

187 4053 270 4115 sicut
292 4073 312 4114 a
336 4052 420 4132 add,
445 4053 491 4115 ita
514 4072 530 4115 c
554 4051 633 4134 adf.
680 4050 719 4115 In
742 4050 954 4115 antecedente
977 4048 1191 4126 trihemitonii
1215 4053 1264 4113 est
1286 4048 1454 4113 ambarum

184 4159 403 4242 intercapedo,
436 4160 492 4223 sed
516 4159 718 4223 diatessaron
745 4159 780 4221 in
809 4156 1019 4242 consequenti
1047 4156 1213 4240 utriusque
1235 4156 1454 4240 proportionis

189 4271 239 4330 est
261 4266 478 4331 intervallum.
517 4266 658 4332 Possunt
674 4271 706 4330 et
728 4266 761 4330 in
777 4264 838 4330 hac
854 4265 1014 4329 disiuncta
1028 4262 1331 4349 proportionalitate
1345 4262 1455 4345 plures

186 4373 276 4458 iungi
299 4374 534 4457 proportiones,
558 4373 650 4438 utin
672 4372 722 4437 his
745 4373 886 4438 numeris
910 4371 939 4436 2.
964 4371 997 4435 3:
1022 4372 1051 4436 4.
1076 4371 1109 4435 6:
1135 4371 1238 4453 8212,
1264 4375 1297 4434 et
1317 4374 1395 4434 tunc
1416 4369 1454 4434 fit

272 4582 281 4618 1
299 4579 410 4633 tertius.
