3750 5528
721 317 936 381 ..87-

192 513 320 576 quaero,
351 492 429 576 quid
451 491 539 558 aliud
562 469 659 577 duam
680 490 896 555 semimiuima
921 490 979 554 illa
1005 511 1079 574 pars
1108 491 1205 555 tertia
1235 487 1350 556 est?*''
1376 492 1458 556 ‚Tres

194 621 270 685 ergo
299 600 415 665 tertiae
446 604 552 665 totum
585 601 748 685 integrum
778 597 923 682 implent.
972 597 1178 682 Relinquitur
1214 619 1290 684 ergo
1325 599 1459 663 minima

190 711 257 772 tres
280 706 510 774 semiminimas
533 727 628 791 posse
652 706 769 788 valere,
794 707 880 791 quod
901 711 992 790 patet
1015 706 1161 790 exemplo
1177 707 1226 771 Io.
1245 705 1459 793 Okeghem¹

191 815 225 879 in
253 815 351 880 missa
379 815 512 880 Lcmnia
541 818 659 898 arme2,
689 814 761 896 ubi,
796 815 923 898 quando
952 813 1092 878 debebat
1120 813 1354 880 semiminimas
1380 815 1459 878 duas

190 945 249 1006 pro
265 945 330 986 una
349 923 482 998 minima
505 923 656 1006 seribere,
680 927 717 987 ut
738 922 852 987 volunt
873 926 1021 987 cantores
1044 943 1116 988 cum
1139 921 1262 987 musico
1277 922 1459 986 Tristano

134 1113 137 1122 ,
193 1031 236 1094 de
260 1029 378 1112 Silva,
411 1029 504 1114 ponit
533 1030 683 1095 minimae
714 1034 884 1094 evacuatas
913 1031 954 1094 ad
981 1034 1077 1114 caput
1104 1034 1242 1095 retortas
1271 1029 1333 1095 hoc
1362 1021 1459 1094 modo

195 1137 240 1267 ἓ,
278 1173 357 1235 quas
385 1151 522 1215 diximus
545 1151 711 1236 lappellari
742 1173 880 1215 curseas,
931 1149 979 1214 Ex
1012 1172 1074 1236 quo
1105 1150 1221 1216 musici
1253 1147 1461 1234 speculantur

190 1271 358 1336 minimam
387 1275 453 1337 tres
481 1271 590 1337 valere
620 1271 865 1353 semimiuimas,
902 1271 1021 1336 nedum
1051 1272 1126 1356 quia
1154 1271 1330 1336 auctoritas
1358 1270 1460 1354 ipsius

190 1378 217 1443 E
223 1379 320 1466 gidii
345 1383 377 1444 et
393 1379 598 1464 antiquorum
612 1370 705 1444 clarc
720 1377 952 1444 incontrarium
968 1383 1128 1444 monstrat
1136 1383 1156 1461 ³,
1181 1400 1254 1443 cum
1270 1379 1361 1443 dicit:
1385 1382 1461 1442 sunt

192 1490 224 1550 et
254 1486 337 1552 aliae
364 1487 501 1574 figurae,
538 1509 619 1572 quae
651 1491 808 1553 vocantur
837 1485 990 1550 minimae
1024 1485 1233 1570 imperfectae
1268 1485 1329 1551 hoc
1362 1486 1459 1551 modo

190 1605 296 1671 factae
325 1587 353 1706 p
386 1612 419 1672 et
455 1607 579 1672 habent
612 1608 768 1675 maiorem
804 1607 953 1672 effectum
988 1629 1084 1691 quam
1118 1607 1348 1690 semiminima,
1384 1607 1461 1690 quia

191 1725 266 1785 sunt
280 1720 405 1804 plenae,
431 1724 463 1785 et
478 1721 637 1786 minorem
653 1721 811 1802 effectum,
837 1741 932 1803 quam
955 1718 981 1783 si
1005 1723 1102 1803 caput
1123 1718 1284 1784 haberent
1306 1722 1457 1784 erectum.

190 1827 239 1892 Ex
262 1828 378 1912 quibus
398 1828 505 1892 verbis
528 1832 628 1912 patet,
654 1828 739 1912 quod
761 1848 821 1892 nos
845 1848 861 1891 e
886 1848 1040 1893 converso
1062 1825 1200 1891 facimus
1222 1827 1351 1912 nigrum
1374 1825 1462 1890 scili-

191 1942 243 1999 cet
257 1957 316 2018 pro
332 1935 408 2000 albo
423 1939 592 2020 ponentes,
616 1957 762 2018 cumpro
778 1933 912 1998 minima
932 1935 1010 1999 duas
1033 1935 1182 2018 ponimus
1205 1934 1296 1999 albas
1320 1955 1458 2017 cumeae,

191 2061 226 2120 ut
247 2057 318 2139 ipse
341 2057 391 2121 Ιο.
416 2054 611 2142 Okcghem
634 2054 726 2138 facit,
754 2055 829 2138 quia
851 2054 1126 2120 maioris-valoris
1151 2058 1200 2119 est
1221 2053 1303 2120 haec
1330 2039 1359 2157 <l
1386 2055 1462 2119 alba

192 2199 288 2261 quam
313 2178 377 2242 ista
408 2161 436 2276 i*
468 2177 571 2262 nigra.
629 2175 665 2240 Si
695 2197 827 2240 curseae
861 2176 942 2239 duae
977 2175 1144 2240 minimam
1176 2172 1327 2257 implent,
1365 2175 1462 2240 semi-

190 2299 340 2362 minimas
355 2303 422 2362 tres
437 2297 507 2362 fore
530 2297 731 2361 necessarias
752 2294 981 2360 mathematice
1004 2317 1081 2360 vero
1103 2295 1267 2378 probatur,
1292 2295 1461 2379 supposito

191 2407 276 2490 quod
298 2407 429 2489 ipsimet
451 2405 584 2487 faciunt,
608 2403 732 2470 scilicet
761 2405 846 2487 quod
869 2425 1020 2468 mensura
1041 2404 1076 2467 in
1104 2403 1287 2486 prolatione
1315 2404 1463 2488 perfecta

190 2517 330 2598 ponatur
351 2513 385 2578 iu
407 2513 550 2577 minima.
597 2511 632 2576 Si
661 2511 745 2576 euim
775 2511 904 2597 integra
931 2511 1087 2595 temporis
1113 2511 1239 2577 morula
1265 2514 1300 2576 iu
1327 2512 1464 2576 minima

192 2627 241 2686 est
275 2626 307 2686 ct
338 2626 466 2705 tempus
498 2619 733 2704 perfectionem
765 2623 798 2683 et
824 2618 1104 2702 imperfectionem
1133 2620 1281 2703 recipiat,
1316 2619 1463 2704 sequitur

190 2730 295 2812 ipram
316 2728 483 2792 minimam
506 2728 699 2812 quandoque
721 2728 757 2791 iu
780 2727 873 2810 duas,
902 2728 1092 2811 quandoque
1121 2728 1157 2791 in
1182 2732 1249 2791 tres
1276 2733 1385 2811 partes
1408 2750 1464 2792 ac·

192 2836 303 2921 quales
327 2836 426 2901 dividi
448 2842 577 2920 posse⁴;
609 2835 696 2919 quod
719 2834 746 2897 si
769 2855 843 2916 non,
873 2857 933 2898 nec
956 2833 1156 2918 semibrevis,
1180 2856 1252 2899 cum
1274 2837 1405 2919 ponitur
1425 2836 1461 2900 in

189 2943 272 3028 ipsc,
295 2965 355 3008 uec
378 2943 485 3008 brevis
509 2943 621 3007 eadem
643 2941 779 3006 ratione.

277 3051 360 3114 Aliis
390 3055 498 3115 autem
526 3050 632 3115 modis
660 3049 719 3113 illa
746 3050 809 3113 duo
838 3050 931 3134 signa
959 3049 1194 3133 quadripartita
1223 3073 1243 3114 a
1270 3051 1462 3134 quibusdam

190 3158 428 3245 perfigurautur
451 3157 591 3242 antiquie
615 3161 652 3221 ut
674 3160 753 3240 puta
779 3157 868 3222 modi
897 3179 970 3221 cum
998 3161 1144 3240 tempore
1175 3158 1221 3222 sic
1254 3171 1282 3229 Ο
1299 3173 1342 3240 0,
1373 3174 1459 3241 CO,

168 3259 279 3350 OC,
305 3282 329 3338 c
351 3280 391 3338 c.
438 3266 500 3330 Hic
523 3269 631 3329 autem
659 3265 774 3330 modus
803 3264 843 3329 ab
869 3265 928 3330 illo
957 3286 1022 3329 non
1051 3265 1172 3346 differt3
1199 3287 1276 3329 nam
1302 3266 1345 3347 id,
1376 3267 1462 3351 quod

192 3374 364 3438 denotatur
385 3395 444 3457 per
466 3371 499 3455 5,
530 3372 753 3457 patefacito,
783 3377 816 3437 et
838 3373 924 3456 quod
944 3373 1159 3459 intelligimus
1188 3395 1247 3457 per
1273 3370 1312 3458 2,
1340 3395 1399 3457 per
1430 3387 1455 3444 c

192 3481 473 3566 cognoscimus**.
523 3478 558 3544 si
581 3481 682 3565 igitur
703 3474 792 3545 haec'
811 3480 905 3566 signa
926 3481 962 3544 in
983 3480 1088 3564 prima
1112 3481 1324 3564 disponantur
1348 3480 1463 3566 figura,

191 3589 276 3653 idem
302 3591 372 3672 erit,
396 3589 481 3674 quod
503 3587 566 3652 fuit
586 3589 622 3652 in
643 3588 709 3652 illa.

280 3752 288 3787 1
308 3747 451 3818 Olregam.
607 3748 618 3786 2
637 3749 730 3803 alome
749 3752 848 3803 armet.
1003 3749 1016 3789 ³
1033 3751 1218 3804 monstratur.

276 3837 289 3872 ⁴
307 3833 360 3889 Die
385 3833 474 3889 Stelle
496 3851 553 3889 von
577 3832 626 3888 »Si
644 3833 720 3888 enim
739 3865 772 3873 -
794 3833 886 3889 dividi
903 3851 1004 3905 posse«
1030 3835 1122 3889 findet
1146 3835 1208 3889 sich
1231 3835 1280 3890 bei
1302 3835 1464 3905 Spataro,

196 3939 219 3975 a.
234 3937 258 3974 a.
272 3920 312 3987 0,,
333 3937 393 3990 cap.
406 3921 447 3975 33.
946 3943 948 3950 ⁴

278 4008 292 4041 *
311 4006 390 4060 Haec
400 4007 546 4062 conclusio
557 4008 602 4061 est
614 4005 782 4074 falsissima
795 4024 863 4061 nam
872 4007 992 4061 minima
1004 4023 1152 4075 nunquam
1165 4006 1292 4062 ternaria
1303 4007 1465 4077 partitione

191 4109 247 4147 non
261 4092 461 4163 distinguitur,
479 4092 609 4162 perfecta
622 4091 735 4147 scilicet
747 4093 912 4161 quantitate
926 4095 1102 4162 computata,
1122 4093 1191 4162 quia
1206 4093 1282 4147 circe
1293 4093 1386 4163 ipsam
1398 4109 1465 4162 per-

190 4178 299 4233 fectum
317 4178 451 4234 accidens
471 4178 699 4246 quantitativum
718 4179 832 4248 operari
854 4196 912 4235 non
936 4182 1049 4249 potest,
1075 4182 1109 4233 ut
1132 4193 1230 4234 omnes
1252 4179 1311 4235 imo
1330 4179 1463 4235 sentiunt

191 4264 293 4319 musici
311 4264 432 4330 iudicio,
451 4281 509 4333 quo
527 4265 568 4332 fit,
587 4267 621 4319 ut
639 4281 753 4335 semper
770 4265 917 4320 dividatur
934 4265 965 4319 in
984 4266 1055 4319 duas
1075 4265 1249 4321 semiuimas.

276 4352 307 4386 **
326 4351 456 4406 circulus
469 4352 505 4406 ad
519 4351 764 4422 comparationem
776 4351 950 4406 semicirculi
966 4353 1156 4420 augmentum
1167 4350 1286 4418 indicat,
1300 4351 1352 4406 sed
1364 4351 1464 4422 ziphra

191 4437 207 4491 3
226 4439 261 4494 cd
280 4437 452 4492 relationem
470 4437 585 4507 ziphrae
605 4439 622 4490 2
641 4436 860 4492 diminutionem
879 4437 967 4506 ducit,
987 4455 1045 4506 quo
1063 4438 1103 4506 fit,
1123 4439 1156 4492 ut
1174 4437 1297 4493 circulur
1317 4441 1347 4492 et
1364 4437 1469 4508 siphra.

191 4523 311 4578 ternarii
326 4531 382 4587 03
396 4523 587 4579 diversimode
600 4525 805 4591 conducantur,
824 4523 960 4592 quoniam
974 4523 1210 4594 augmentatione
1223 4526 1254 4580 et
1267 4524 1460 4580 diminutione

192 4611 227 4665 ab
246 4610 371 4665 invicem
390 4609 505 4666 differre
523 4613 690 4665 noscuntur.
734 4609 809 4681 Ergo
827 4628 885 4666 nou
903 4610 981 4666 idem
1001 4610 1178 4681 significent,
1198 4611 1275 4678 quod
1292 4627 1391 4666 verum
1410 4615 1466 4681 est,
