3742 5528
702 318 916 398 Δ,33’-.

178 503 235 574 sed
258 505 392 573 duarum
419 509 615 593 aequalium,
644 513 777 593 propter
804 510 889 594 quod
916 509 1013 574 etiam
1040 511 1074 574 in
1099 514 1236 594 utroque
1260 497 1275 573 l
1298 508 1335 594 fa
1361 499 1448 591 1331

177 639 242 682 333
257 616 330 686 111*.

263 725 302 789 13
324 726 393 789 arte
415 726 521 809 prima
541 725 740 810 imperfecta,
764 726 820 790 ubi
842 726 943 810 igitur
965 730 1091 790 tantum
1114 727 1196 790 duae
1225 747 1320 791 voces
1351 730 1444 791 erunt

179 833 339 917 33333133,
365 835 445 898 duae
468 833 547 898 fient
569 833 778 899 mutationes:
802 855 867 898 una
890 857 909 896 3
931 834 1035 917 prima
1057 855 1136 898 voce
1158 835 1192 898 in
1215 834 1387 899 secundam
1413 839 1445 897 et

180 941 243 1006 alia
267 965 283 1005 e
307 927 471 1008 converso.
518 941 583 1006 Sed
606 964 677 1007 cum
700 947 767 1007 tres
789 942 910 1007 fuerint
919 947 939 1025 1,
971 942 1055 1007 hunc
1077 943 1208 1007 modum
1230 943 1401 1007 tenebunt:
1426 965 1444 1004 a

179 1049 282 1133 prima
304 1049 339 1114 13
362 1050 534 1115 secundam
557 1054 590 1114 et
613 1072 630 1114 e
653 1071 808 1116 converso
831 1051 912 1114 fiunt
933 1050 1014 1114 duae
1038 1054 1071 1118 et
1094 1074 1113 1114 a
1134 1051 1239 1134 prima
1260 1050 1295 1114 in
1314 1051 1445 1114 tertiam

180 1162 212 1222 et
241 1181 258 1222 e
285 1179 440 1223 converso
468 1157 551 1222 aliae
579 1158 659 1222 duae
690 1163 723 1223 et
750 1182 769 1222 a
796 1159 936 1224 secunda
966 1158 1006 1222 ad
1034 1158 1164 1222 tertiam
1195 1163 1227 1222 et
1250 1181 1266 1223 e
1290 1143 1445 1224 converso

180 1265 262 1330 aliae
284 1266 364 1330 item
387 1266 467 1330 duae
497 1271 529 1331 et
556 1265 602 1330 sic
625 1289 681 1331 sex
703 1267 916 1332 habebuntur.
970 1267 1034 1331 Sed
1064 1289 1136 1332 eum
1165 1267 1305 1332 secundo
1333 1287 1445 1331 rocem

180 1375 405 1439 ascendentem
420 1375 632 1454 nominamus,
657 1375 869 1440 mutationem
882 1374 926 1437 ‚in
950 1375 1152 1440 ascendendo
1175 1375 1301 1439 causari
1324 1375 1442 1439 dicunt.

268 1482 332 1548 Sed
354 1482 490 1547 ulterius
514 1483 638 1547 addunt
665 1483 714 1547 illi
743 1484 832 1548 vocis
859 1484 1093 1568 proprietatem
1120 1483 1243 1550 scilicet
1264 1473 1447 1567 tquadrati

181 1596 237 1656 aut
223 1576 411 1656 timonis
440 1590 507 1656 sive
537 1596 680 1656 naturae
727 1591 871 1658 Naturae
902 1615 941 1656 au
943 1596 1010 1657 tem
1038 1591 1204 1677 appellant
1231 1590 1445 1673 hexaehcrda‚

180 1722 262 1784 quaa
291 1701 324 1764 13
353 1704 489 1784 utroque
518 1722 535 1764 3
563 1705 638 1766 3331
666 1699 831 1768 inchoata
825 1689 1044 1784 1333313311
1034 1724 1058 1783 1,
1089 1723 1169 1786 quae
1193 1724 1212 1764 a
1232 1723 1261 1785 9,
1291 1699 1444 1766 bmollis

180 1829 264 1886 vero,
290 1830 371 1892 quae
396 1809 576 1892 abfit
531 1808 576 1874 Ut
600 1832 677 1896 ergo
700 1831 764 1874 uno
788 1809 1015 1876 concludamus
1041 1807 1196 1893 exemplo
1221 1830 1279 1892 per
1302 1807 1419 1892 quod
1409 1827 1443 1872 m

180 1916 315 1983 aliorum
345 1916 563 2002 cognitionem
586 1915 681 1982 facile
704 1917 860 1996 veniatur,
892 1917 1026 1981 dicimus
1055 1917 1089 1980 in
1116 1939 1137 2000 p
1162 1918 1310 1980 sol-re-at
1335 1918 1381 1980 331
1400 1937 1442 1998 re,

179 2045 212 2089 re
226 2027 280 2107 sol,
303 2027 350 2089 331
363 2031 408 2108 at,
433 2027 539 2107 uisci,
562 2046 597 2088 re
611 2031 657 2107 at,
682 2030 721 2088 31
733 2047 781 2088 re:
804 2027 851 2088 331
863 2046 897 2088 re
918 2024 953 2098 in
981 2023 1182 2089 ascendendo
1206 2024 1245 2087 de
1271 2028 1387 2087 natura
1408 2023 1443 2086 in

180 2121 326 2215 imolle,
356 2155 390 2197 33
408 2135 455 2198 331
482 2133 516 2196 13
546 2133 768 2197 descendendo
800 2133 839 2197 de
866 2117 991 2196 imolli
1025 2132 1059 2195 in
1088 2135 1250 2225 naturam,
1282 2131 1446 2195 33133113

180 2241 382 2305 ascendendo
407 2241 577 2304 denatura
599 2240 632 2303 in
656 2231 672 2322 1
692 2241 857 2324 quadrum,
881 2241 979 2305 atsol
1001 2238 1280 2323 percontrarium,
1304 2236 1445 2302 reatin

182 2349 383 2414 ascendendo
406 2349 445 2412 de
468 2331 485 2408 l
502 2349 593 2414 molli
609 2349 643 2413 in
659 2338 675 2419 1
694 2349 817 2431 durum,
842 2353 882 2412 at
894 2349 972 2412 3·3**
990 2347 1025 2412 13
1047 2347 1249 2412 ascendendo
1272 2347 1310 2411 de
1333 2341 1349 2410 1
1369 2367 1447 2430 qua-

182 2457 238 2522 dro
261 2457 296 2521 in
318 2443 534 2521 iratundum.
566 2458 649 2522 .Hoc
673 2456 759 2521 enim
781 2457 878 2521 modo
901 2461 1029 2521 servato
1052 2457 1087 2520 in
1111 2455 1183 2520 aliis
1206 2455 1285 2520 locis
1310 2455 1444 2539 quisque

180 2589 239 2650 per
261 2588 295 2630 se
318 2567 440 2650 poterit
462 2588 520 2649 per
544 2588 590 2649 ea,
622 2589 704 2651 quae
728 2566 813 2630 dicta
836 2569 920 2649 33317
948 2563 1007 2629 has
1029 2563 1284 2648 permutationes
1312 2564 1447 2627 inresti-

184 2697 271 2761 gare.

268 2781 332 2848 Sed
365 2789 397 2847 31
428 2782 490 2848 hoc
523 2783 636 2848 habito
667 2783 886 2866 fundamento
910 2782 944 2845 13
976 2804 1074 2845 3333
1106 2780 1250 2864 perfecta
1280 2777 1374 2844 facile
1407 2780 1446 2844 de

183 2892 331 2956 omnibus
355 2914 411 2956 sex
432 2892 564 2956 vocibus
586 2893 621 2956 in
638 2893 750 2957 eodem
772 2891 844 2956 loco
860 2890 975 2975 positis
990 2889 1187 2955 mutationes
1208 2911 1319 2954 33333
1341 2889 1448 2954 facere

181 3002 309 3086 poterit.
361 3001 454 3065 Unde
491 3001 629 3085 exempli
663 3002 769 3087 gratia
804 2999 969 3084 capiamus
1000 2999 1147 3082 dael-re,
1180 2997 1235 3063 ubi
1268 3020 1324 3062 sex
1352 3019 1447 3061 33333

182 3111 313 3176 fuerunt
335 3109 469 3192 locatae,
494 3111 728 3195 iungemusque
753 3111 784 3173 la
806 3109 901 3174 modo
925 3107 1090 3192 praedicto
1114 3105 1238 3171 scilicet
1264 3127 1337 3170 cum
1360 3104 1448 3171 voci-

182 3220 251 3303 buS,
282 3242 362 3304 quae
389 3218 424 3282 13
452 3219 563 3284 ordine
590 3242 648 3303 per
674 3223 787 3283 tonum
816 3221 871 3281 aut
900 3217 1101 3282 diatessaron
1131 3219 1186 3279 aut
1213 3237 1271 3299 per
1298 3215 1448 3298 diapente

270 3467 278 3501 1
364 3463 369 3475 .

269 3463 482 3632 *1161113131
498 3549 530 3604 fit
543 3549 720 3620 permutatio
733 3550 891 3603 secundum
904 3549 1127 3614 Marohetum‚
1147 3546 1224 3614 quod
1242 3548 1272 3600 et
1289 3541 1318 3599 13
1336 3544 1450 3598 Proitou

182 3641 281 3694 nostra
300 3637 486 3703 declaramus,
506 3639 539 3690 ut
556 3635 611 3692 hoc
631 3637 718 3690 etiam
736 3637 876 3706 probatur
895 3635 1038 3704 exemplo:

270 3955 303 3989 **
323 3954 409 4008 Sexta
427 3953 550 4008 mutatio
563 3952 592 4006 in
608 3951 632 4006 G
646 3951 786 4018 sol-re-ut,
806 3950 918 4004 scilicet
930 3956 959 4003 al
971 3950 1000 4004 in
1014 3950 1103 4016 33111
1117 3949 1225 4003 directe
1239 3954 1269 4003 et
1280 3948 1452 4018 regulariter

184 4042 384 4097 descendendo
403 4040 585 4118 311113,

579 4283 703 4352 primum
722 4250 975 4336 33311331
995 4297 1037 4334 ex

184 4388 257 4444 llcce
277 4387 353 4457 quod
372 4385 505 4440 13113133
526 4386 649 4455 exempli
668 4385 770 4454 quinta
787 4384 890 4439 notula
907 4387 1036 4438 mutatur
1054 4389 1084 4456 331
1096 4383 1124 4437 13
1138 4402 1167 4437 33
1186 4382 1387 4438 descendendo
1400 4400 1452 4452 per

183 4475 344 4546 regularem
362 4475 393 4529 et
410 4474 549 4528 directam
562 4473 759 4526 mutationem.
789 4477 821 4526 Ι3
835 4472 960 4525 secunda
973 4473 1070 4525 autern
1083 4470 1200 4524 alterius
1215 4469 1339 4539 exempli
1351 4469 1452 4522 notula

183 4566 312 4618 mutatur
330 4560 528 4630 irregulariter
547 4562 577 4613 et
594 4559 735 4612 indirecte
753 4565 783 4612 ut
800 4559 830 4612 in
848 4577 877 4612 re
899 4558 1012 4611 scilicet
1030 4557 1220 4612 ascendendo.
1257 4557 1335 4611 Haec
1353 4557 1451 4611 autem

184 4649 271 4705 latius
290 4647 559 4716 rationabiliterque
578 4647 607 4700 in
626 4646 718 4716 primo
737 4647 864 4702 Pratieoe
882 4649 997 4701 nostrae
1016 4648 1117 4715 aperta
1135 4647 1210 4698 3331.

235 4754 337 4795 Beihefte
351 4753 390 4794 der
402 4752 460 4794 lue.
481 4752 508 4793 ll.
1228 4748 1245 4801 3
