3734 5572
963 334 1178 398 ..96-

437 506 507 570 nias
530 506 708 590 nominant,
731 506 957 590 proportiones
980 507 1015 571 in
1030 507 1090 571 hac
1105 529 1207 591 paene
1232 507 1301 573 sola
1323 508 1498 572 medietate
1518 508 1711 592 frequenter

436 615 590 679 invenies.
637 616 712 698 Ipsa
736 614 822 683 enim
845 613 1036 698 symphonia
1059 615 1260 680 diatessaron
1286 616 1321 679 in
1344 615 1474 699 epitrita
1495 617 1708 700 proportione

437 722 585 786 consistit
606 726 642 786 ut
670 727 719 786 est
741 722 762 785 4
786 723 825 786 ad
854 721 882 802 3,
914 723 1064 806 diapente
1088 723 1299 788 consonantia
1328 724 1363 787 in
1389 722 1542 789 hemiolia
1570 747 1707 810 propor-

437 827 525 892 tione
549 831 585 890 ut
608 826 684 890 fiad
700 825 729 890 4.
776 826 820 890 At
840 825 912 909 ipsa
935 827 1078 891 omnium
1094 827 1266 893 concordia
1282 827 1437 912 diapason
1459 829 1493 891 in
1509 828 1606 913 dupla
1629 850 1708 893 oon-

436 934 522 999 sistit
543 938 580 997 ut
602 933 622 997 6
646 935 686 997 ad
709 933 739 998 3.
785 934 823 998 In
846 933 906 999 hac
928 934 1029 1020 igitur
1050 935 1226 1000 medietate
1253 934 1312 1000 has
1339 940 1406 1000 tres
1430 936 1591 1020 simplices
1618 959 1706 1021 sym*

435 1023 572 1126 phonias
594 1041 805 1106 terminorum
828 1043 1068 1125 comparatione
1091 1044 1278 1126 reperimus.
1326 1043 1470 1121 Quodsi
1493 1045 1533 1108 ad
1555 1045 1708 1111 differen-

436 1149 499 1213 tias
529 1149 740 1213 terminorum
770 1141 969 1234 comparatio
997 1149 1063 1231 fiat,
1100 1151 1179 1214 alias
1210 1150 1418 1236 symphonias
1446 1173 1512 1217 non
1542 1151 1705 1235 simplices

436 1239 687 1340 procreabinius,
723 1261 768 1340 ut,
804 1258 832 1320 si
865 1257 989 1321 minimi
1028 1258 1069 1323 ad
1099 1258 1314 1324 differentiam
1347 1259 1448 1324 inter,
1469 1260 1637 1324 minimum
1670 1265 1706 1325 et

435 1366 578 1430 medium
599 1364 656 1428 fiat
678 1364 843 1446 habitudo,
868 1366 999 1449 triplam
1022 1365 1183 1431 custodiet
1205 1367 1459 1450 proportionem,
1489 1390 1527 1431 ex
1550 1390 1612 1451 qua
1635 1368 1706 1432 dia-

434 1495 536 1558 pason
560 1476 592 1536 et
615 1473 766 1555 diapente
790 1473 1002 1538 consonantia
1024 1473 1227 1538 redundabit.
1275 1473 1340 1538 Sed
1367 1475 1394 1538 si
1421 1475 1520 1539 medii
1549 1476 1589 1539 ad
1612 1475 1705 1539 diffe-

435 1581 573 1644 rentiam
595 1579 809 1663 interipsum
833 1584 866 1643 et
887 1580 1056 1644 minimum
1078 1581 1250 1645 fecerimus
1266 1581 1467 1664 relationem,
1492 1582 1705 1667 quadruplam

434 1689 678 1772 proportionem
703 1689 915 1771 reperiemus,
944 1710 1024 1773 quae
1052 1679 1261 1773 bisdiapason
1289 1689 1500 1754 consonantia
1527 1690 1702 1754 resonabit.

436 1795 530 1872 Quod
552 1796 580 1859 si
601 1795 688 1858 idem
710 1796 835 1859 numeri
862 1796 988 1860 binario
1012 1797 1178 1879 ducantur,
1202 1801 1239 1860 ut
1262 1799 1332 1881 (pag.
1349 1798 1391 1881 78)
1416 1796 1596 1862 efficiantur
1617 1797 1646 1861 6.
1673 1797 1701 1860 8.

437 1903 486 1985 12,
516 1903 647 1966 eaedem
671 1905 901 1968 consonantiae
928 1905 1114 1968 manebunt.
1162 1904 1227 1969 Sed
1254 1905 1340 1969 inter
1363 1905 1392 1970 8.
1418 1905 1459 1967 12
1485 1909 1594 1988 potest
1620 1904 1703 1968 alius

434 2032 587 2074 numerus
609 2009 767 2094 interseri,
793 2013 847 2096 qui
867 2012 912 2076 'ad
935 2017 1077 2077 extrema
1100 2017 1304 2098 comparatus
1329 2035 1382 2078 eas
1415 2035 1493 2098 quas
1523 2013 1629 2077 tenuit
1651 2035 1706 2078 oo-

434 2117 578 2182 tonarius
606 2119 831 2203 proportiones
855 2121 1068 2204 conservabit,
1098 2121 1259 2186 contrario
1282 2125 1393 2184 tamen
1415 2121 1521 2204 modo,
1553 2121 1628 2205 quia
1649 2121 1703 2185 hic

435 2225 558 2290 scilicet
580 2227 773 2291 novenarius
799 2228 839 2291 ad
861 2250 994 2314 gravem
1015 2233 1142 2312 partem
1159 2228 1359 2293 diatessaron
1385 2232 1416 2292 et
1432 2229 1472 2292 ad
1489 2233 1615 2293 acutam
1637 2248 1705 2292 ser-

434 2338 489 2398 vat
513 2334 672 2418 diapente,
698 2339 771 2399 octo
796 2356 872 2400 vero
899 2359 957 2420 per
980 2337 1184 2401 contrarium.
1231 2336 1282 2400 Ad
1310 2357 1344 2399 se
1371 2336 1510 2400 invicem
1537 2357 1613 2400 vero
1636 2357 1704 2399 ses-

436 2443 640 2526 quioctavam
668 2443 853 2507 custodiunt
881 2445 1131 2527 proportionem,
1165 2467 1203 2508 ex
1234 2466 1297 2528 qua
1325 2445 1449 2526 species
1478 2467 1560 2530 quae
1588 2444 1703 2508 dicitur

434 2554 529 2613 tonus
563 2551 730 2622 redundat.
783 2551 872 2615 Haec
900 2552 986 2615 enirn
1013 2552 1136 2635 species
1168 2557 1216 2616 est
1245 2573 1393 2616 excessus
1425 2553 1575 2635 diapente
1606 2574 1703 2636 supra

436 2658 645 2722 diatessaron.
692 2657 727 2722 si
751 2662 859 2722 autem
888 2659 908 2722 9
933 2663 965 2722 et
991 2659 1011 2722 8
1034 2659 1160 2724 binario
1190 2661 1351 2742 ducamus,
1380 2659 1572 2725 habebimus
1601 2660 1641 2722 18
1670 2664 1703 2724 et

436 2765 485 2847 16,
511 2787 591 2848 quos
612 2765 647 2828 in
664 2765 887 2848 sesquioctava
908 2767 1117 2851 proportione
1141 2790 1211 2832 esse
1228 2769 1460 2854 cognoscimus.
1506 2768 1597 2832 Inter
1612 2791 1700 2852 quos,

434 2877 471 2936 ut
499 2873 544 2936 ait
574 2873 765 2954 Boetius1,
796 2875 921 2938 medius
951 2897 1102 2939 numerus
1132 2876 1309 2941 collocatur
1340 2875 1463 2939 scilicet
1492 2876 1542 2958 17,
1578 2877 1632 2959 qui
1662 2877 1702 2939 ad

437 2979 593 3045 maiorem
616 2985 820 3067 comparatus
849 2983 1055 3047 semitonium
1085 2983 1192 3047 reddit
1214 2985 1329 3064 minus,
1361 2985 1401 3048 ad
1429 2983 1598 3047 minimum
1626 3005 1702 3046 vero

435 3089 546 3152 mains.
593 3088 696 3152 Maior
727 3090 812 3152 enim
841 3091 1007 3173 proportio
1038 3094 1087 3154 est
1117 3091 1370 3174 sesquidecimae
1400 3096 1509 3155 sextae
1538 3091 1703 3177 sesquide-

435 3194 537 3259 cimae
561 3195 716 3279 septimae
734 3197 915 3262 collatione.
962 3196 1131 3273 Quomodo
1156 3203 1264 3262 autem
1279 3199 1486 3284 symphonias
1511 3222 1549 3263 ex
1568 3221 1703 3283 propor-

434 3303 577 3368 tionibus
599 3305 778 3369 redundare
800 3305 1029 3390 intelligamus
1054 3311 1186 3390 propter
1208 3328 1309 3371 novos
1334 3313 1480 3372 cantores
1496 3306 1612 3371 liceat²
1633 3328 1703 3370 rur·

436 3432 490 3474 sus
513 3411 630 3476 clarius
655 3413 824 3478 discutere.

839 3731 1081 3814 capitulum
1107 3734 1294 3802 tertium.
1339 3685 1340 3688 i

459 3917 505 3986 In
533 3942 607 4010 quo
635 3918 833 4010 primariae
858 3918 1104 3990 monochordi
1133 3919 1334 3992 divisiones
1362 3922 1409 3990 ad
1435 3920 1675 3992 numerorum

845 4023 1009 4112 rationes
1037 4040 1285 4134 applicantur.

461 4203 491 4268 N
512 4205 617 4288 prima
639 4205 850 4272 monochordi
872 4208 975 4271 nostri
997 4206 1153 4290 regularis
1177 4207 1334 4271 divisione
1358 4207 1534 4272 Boetium
1559 4207 1702 4272 numeris

484 4315 516 4375 et
535 4335 686 4378 mensura
701 4335 794 4380 suum
817 4313 1070 4381 monochordum
1092 4314 1240 4400 regulare
1264 4314 1427 4384 subtiliter
1451 4315 1597 4379 divisisse
1621 4313 1703 4378 dixi-

433 4441 513 4484 mus.
559 4420 627 4486 Nos
643 4443 720 4486 vero
735 4426 869 4504 propter
883 4444 984 4487 novos
1003 4445 1062 4506 per
1078 4423 1263 4487 continuam
1283 4423 1499 4506 quantitatem
1514 4422 1702 4508 vulgaribus

521 4620 530 4656 ¹
548 4619 619 4672 Inst.
638 4620 711 4674 Mus.
730 4623 798 4689 I,1o
819 4621 870 4688 (ed.
890 4620 1043 4688 Friedlein‚
1061 4639 1089 4690 p.
1102 4620 1161 4688 202,
1177 4630 1206 4674 17
1218 4620 1263 4688 ff.).
1408 4655 1411 4661 ι
1472 4611 1490 4660 2‘
1501 4620 1580 4674 licet.
