3734 5572
676 355 967 440 -.sv-‘

151 549 363 618 fractionibus
385 552 531 620 nostrum
554 547 730 632 divisimus,
753 571 799 614 ne
827 554 869 614 et
883 549 1121 618 arithmeticam
1150 554 1183 618 et
1204 549 1417 637 geometriam

150 658 373 726 addiscentem
394 656 483 740 prius
499 657 690 742 cognovisse
714 661 799 722 esset
813 658 1056 736 necessariumy
1068 680 1153 730 nam
1168 661 1254 727 esset
1274 657 1416 724 incidere

150 765 185 834 in
209 788 327 849 errore,
359 787 455 850 quem
476 763 709 848 prohibuimus,
757 765 905 840 Diximus
934 765 1020 834 enim
1047 765 1130 833 nihil
1156 764 1272 833 horum
1297 765 1347 830 illi
1377 765 1417 828 ad

151 878 296 944 nostram
319 873 503 941 doctrinam-
520 873 752 956 capescendam
775 895 845 940 esse
868 874 1094 957 necessarium,
1118 875 1214 944 modo
1229 874 1341 958 primis
1364 897 1417 938 ru-

152 983 303 1047 dimentis
327 986 413 1046 essct
436 982 577 1051 edoctus,
622 981 759 1064 Propter
774 981 860 1065 quod
876 980 1023 1064 diximus,
1047 980 1200 1052 chordam
1221 982 1329 1051 medio
1347 1004 1416 1046 esse

151 1089 357 1158 dividendam
380 1093 436 1158 aut
458 1089 672 1174 quantitatem
695 1089 929 1172 duplicandam,
953 1089 1180 1173 triplicandam
1203 1094 1258 1154 aut
1274 1091 1417 1172 per-tria

151 1196 222 1262 fore
245 1197 425 1279 secandam,
455 1197 510 1282 qui
531 1197 662 1262 termini
689 1195 850 1261 notissimi
873 1197 1060 1283 vulgaribus
1083 1201 1174 1263 sunt.¹
1212 1197 1315 1264 Nunc:
1329 1219 1414 1280 vere,

153 1304 228 1388 quia
251 1305 290 1369 de
314 1305 494 1389 quantitate
510 1305 657 1387 discreta,
682 1302 743 1368 hoc
767 1309 816 1369 est
839 1304 878 1369 de
900 1304 1043 1371 numeris
1068 1309 1100 1369 61
1114 1327 1320 1369 numerorum
1343 1327 1417 1388 pro·
1478 1305 1480 1310 ’

151 1413 366 1496 portionibus,
389 1413 504 1497 aliqua,
530 1411 732 1497 quaemagis
748 1413 934 1479 cantoribus
958 1435 1028 1479 esse
1041 1413 1227 1478 'necessaria
1243 1433 1417 1498 cognosce·
1454 1439 1456 1444 ·

152 1521 276 1603 bamus,
312 1521 605 1602 determinavimus
639 1520 768 1584 easdem
796 1542 875 1605 quas
903 1522 1071 1603 posuimus
1100 1519 1239 1586 chordae
1266 1520 1416 1606 vulgares

152 1627 326 1694 divisiones
349 1630 389 1694 ad
411 1629 571 1694 rationem
584 1649 793 1692 numerorum
808 1628 1016 1711 applicantes,
1041 1629 1075 1692 in
1098 1629 1214 1712 quibus
1235 1629 1418 1712 proportio-

150 1736 247 1802 nibus
269 1737 456 1820 consistant,
480 1736 687 1802 ostendemus
709 1737 772 1801 hoc
794 1737 906 1802 modo:
1029 1799 1031 1803 ,
1381 1817 1388 1823 .

206 1851 209 1856 '
237 1843 297 1910 Est
320 1843 405 1909 enirn
421 1844 540 1910 chorda
562 1843 597 1910 in
619 1847 689 1908 tota
712 1842 761 1908 sui
777 1843 980 1928 longitudine
997 1843 1135 1928 exempli
1150 1845 1256 1930 gratia
1280 1847 1417 1928 quatuor

151 1974 224 2016 curn
247 1952 364 2038 viginti
392 1953 577 2034 digitorum,
608 1972 690 2035 quaa
717 1971 779 2033 qo
806 1951 933 2034 punctis
962 1953 1161 2016 terminatur.
1209 1951 1291 2018 Oum
1317 1952 1417 2037 igitur

151 2081 223 2124 carn
246 2058 353 2124 medio
384 2081 530 2124 secamus
557 2059 667 2123 littera
693 2058 715 2122 b
743 2058 922 2123 sectionem
950 2060 1125 2145 signantes,
1153 2061 1220 2143 qb
1246 2060 1416 2126 duodecim

153 2169 330 2254 digitorum
360 2169 401 2233 ad
429 2189 491 2251 qa
513 2167 629 2254 viginti
658 2173 796 2254 quatuor
821 2169 856 2233 in
883 2167 981 2252 dupla
1008 2167 1181 2232 collatione
1210 2169 1414 2251 respondent.

151 2276 188 2341 si
210 2275 310 2362 igitur
338 2275 492 2342 chordam
519 2276 554 2340 in
576 2281 646 2342 tota
667 2277 718 2341 sui
744 2277 887 2363 longituq
910 2277 982 2362 (pag.
993 2279 1034 2360 79}
1059 2276 1133 2341 dine
1160 2277 1356 2359 percusseris
1385 2281 1418 2339 et

151 2406 231 2449 sono
252 2406 413 2468 perpenso
437 2384 574 2471 digitum
595 2385 631 2449 in
652 2389 772 2469 puncto
794 2386 816 2450 b
838 2389 1077 2469 superponens1
1101 2383 1253 2449 chordam
1275 2385 1298 2449 lv
1317 2406 1335 2468 q
1357 2385 1417 2449 im-

151 2490 281 2575 puleris,
317 2493 562 2558 consonantiam
590 2492 746 2576 diapason
775 2515 927 2559 resonare
958 2491 1188 2576 deprehendes.
1235 2492 1290 2557 Sic
1316 2493 1417 2578 igitur

152 2599 309 2682 diapason
330 2601 365 2666 in
388 2600 486 2684 dupla
509 2600 626 2666 dicitur
649 2623 719 2666 esse
742 2600 940 2667 habitudine.
989 2599 1070 2666 (lum
1092 2622 1169 2668 vcro
1182 2602 1212 2665 *b
1234 2601 1265 2664 a*
1277 2601 1417 2666 mediam

151 2707 322 2772 dividimus
346 2710 560 2792 quantitatem
582 2708 692 2776 littera
718 2708 924 2773 dinmedio
948 2709 1185 2794 consignantes,
1214 2707 1333 2774 chorda
1356 2711 1379 2773 d
1399 2732 1418 2793 q

153 2814 193 2878 18
217 2816 391 2902 digitorum
415 2838 484 2881 esse
508 2820 643 2900 constat,
675 2839 756 2901 quae
780 2817 821 2881 ad
842 2821 946 2882 totam
970 2820 1154 2899 comparata
1177 2817 1416 2901 sesquitertiam

152 2922 251 2986 servit
272 2925 523 3007 proportionem.
568 2923 648 2989 Inde
673 2946 750 3010 ergo
774 2929 832 3008 est,
857 2925 943 3010 quod
964 2927 1022 2988 ad
1041 2924 1245 3016 diatessaron
1269 2930 1317 2989 est
1333 2947 1417 3008 sym-

151 3027 280 3112 phonia.
325 3030 370 3095 At
391 3052 477 3112 vero,
506 3011 578 3094 cum
602 3029 816 3114 quantitatem
843 3029 1034 3114 quedio
1058 3052 1203 3095 secamus
1231 3029 1417 3115 litteramp

151 3138 186 3201 in
209 3137 362 3203 sectionis
389 3138 497 3202 medio
524 3138 730 3224 configentes,
762 3142 888 3204 constat
909 3160 977 3222 pq
1007 3142 1212 3203 sextantum
1243 3159 1312 3202 esse
1336 3139 1418 3224 digi-

152 3249 268 3330 torum,
294 3247 349 3330 qui
370 3268 523 3311 numerus
547 3251 660 3336 quater
683 3247 796 3311 ductus
818 3246 861 3310 24
883 3246 1006 3330 implet.
1051 3245 1138 3332 Ergo
1155 3245 1334 3335 quadrupla
1357 3246 1418 3310 erit

152 3353 309 3420 habitudo
332 3354 524 3423 necessario.
570 3354 650 3420 Inde
680 3376 756 3441 ergo
786 3358 848 3438 est,
877 3354 962 3438 quod
983 3376 1009 3438 p
1031 3353 1141 3420 littera
1164 3355 1205 3419 ad
1226 3358 1270 3418 o²
1296 3355 1417 3419 bisdia-

151 3483 255 3544 pason
281 3466 413 3526 resonat
438 3461 628 3526 melodiam.
642 3483 777 3547 cumque
800 3463 864 3546 ap
885 3462 993 3526 medio
1023 3462 1126 3530 divisa
1148 3462 1257 3526 littera
1279 3464 1291 3526 l
1316 3463 1416 3526 sectio

151 3570 306 3655 signatur,
331 3568 352 3633 9
376 3591 446 3634 esse
468 3571 512 3653 lq
535 3569 710 3656 digitorum
727 3569 940 3654 quantitatem
955 3574 1042 3636 recte
1059 3569 1281 3654 conspicimus.
1313 3569 1417 3646 Quam

152 3679 179 3740 si
202 3678 242 3741 ad
264 3681 367 3746 totam
390 3698 620 3764 comparemus,
645 3678 775 3762 duplam
798 3678 1123 3762 superbipartientem
1139 3677 1345 3745 collationem
1368 3679 1417 3741 in-

152 3784 316 3851 veniemus
332 3786 488 3870 diapason
511 3790 544 3851 at
559 3785 759 3851 diatessaron
782 3785 1026 3852 consonantiam
1042 3790 1294 3868 conservantem,
1321 3808 1416 3870 quam

152 3895 189 3955 ut
212 3893 257 3957 ait
283 3895 476 3976 Boetius3,
504 3892 592 3958 solus
622 3894 868 3958 Ptolemaeus
895 3894 981 3958 inter
1008 3895 1242 3959 consonantias.
1263 3894 1414 3958 admittit.

153 3999 218 4065 Sed
240 4001 279 4064 (16
295 3999 355 4082 his,
380 4002 454 4085 quia
478 4004 511 4065 et
531 4001 566 4065 in
582 4001 815 4084 compositione
830 4000 929 4066 trium
945 4004 1146 4086 quatuorque
1161 4022 1276 4065 vocum
1293 4003 1418 4086 experi-

153 4109 240 4173 entia
263 4106 371 4191 aliqua
385 4109 635 4172 monstrabimus
652 4112 684 4172 61
698 4111 823 4175 ratione
838 4107 935 4192 paulo
950 4112 1026 4192 post
1046 4108 1081 4172 in
1101 4108 1320 4195 specrdatione
1343 4133 1416 4194 per-

151 4215 254 4283 multa
277 4215 392 4280 dicturi
415 4237 533 4299 sumus,
556 4215 610 4281 hic
632 4217 886 4300 supersedemus.
1023 4204 1025 4209 ⁵

240 4321 324 4388 Cum
348 4323 448 4406 igitur
473 4327 574 4388 totam
602 4323 755 4391 chordam
785 4346 843 4409 per
868 4325 931 4390 tria
955 4325 1135 4390 dividentes
1163 4330 1196 4390 et
1225 4325 1416 4410 alitteraq

152 4452 261 4496 versus
283 4451 305 4494 a
326 4415 492 4494 venientes
518 4430 552 4495 in
574 4432 685 4496 trienti
707 4431 850 4516 litteram
878 4433 1027 4516 ponimus
1050 4455 1085 4496 ra
1108 4434 1196 4498 etin
1218 4435 1311 4498 besse
1335 4456 1358 4518 e,
1382 4456 1416 4497 m

241 4667 250 4702 1
267 4663 504 4732 superponentes.
711 4666 723 4707 2
741 4665 766 4718 d.
974 4665 986 4705 ³
1003 4665 1074 4720 Inst.
1094 4664 1166 4722 Mus.
1178 4664 1212 4733 V,
1225 4666 1249 4722 8.

203 4765 305 4808 acinace
319 4765 358 4806 uer
370 4765 430 4808 Ina.
449 4765 478 4806 11.
1194 4768 1209 4820 7
