3742 5528
704 301 920 365 -37..

182 469 365 564 retropolis,
387 475 423 535 ut
446 493 541 555 supra
563 471 629 536 iam
652 474 796 557 diximus,
821 474 855 538 in
880 497 942 558 qua
964 498 1066 560 paene
1091 475 1199 541 omnia
1222 478 1447 542 modernorum

181 579 408 660 instrumenta,
438 602 520 664 quae
546 579 757 664 polychorda,
784 581 819 646 in
847 583 943 648 Italia
973 585 1151 667 reperimus
1179 586 1322 669 incepta,
1349 588 1447 651 etiam

182 710 304 774 organa
327 693 360 752 et
375 688 439 752 alia
461 689 676 753 instrumenta
694 689 861 775 completa,
887 712 968 775 quae
983 714 1042 775 per
1057 692 1227 758 semitonia
1242 698 1317 758 sunt
1334 694 1445 759 divisa.

181 796 219 860 In
242 796 398 880 Hispania
420 818 496 861 vero
519 801 630 861 nostra
657 798 789 882 antiqua
812 799 1030 884 monochorda
1058 805 1090 865 et
1111 802 1208 866 etiam
1231 823 1352 888 organa
1374 803 1409 866 in
1431 825 1447 867 e

56 995 59 1000 .
181 905 273 990 gravi
302 905 480 989 reperimus
506 904 674 988 incepisse.
730 905 794 970 Sed
817 907 1043 973 modernorum
1072 908 1270 993 polychorda
1294 915 1326 974 et
1350 911 1447 976 etiam

182 1035 303 1100 organa
333 1017 406 1078 octo
438 1035 532 1079 voces
563 1015 622 1078 sub
649 1035 666 1078 c
693 1015 786 1100 gravi
813 1015 849 1078 in
879 1015 989 1080 ordine
1017 1022 1142 1100 ponunt
1178 1018 1327 1102 naturali.
1373 1020 1446 1084 Non

181 1126 290 1187 tamen
326 1125 397 1204 (pag.
419 1123 461 1207 29)
496 1121 618 1187 habent
652 1143 746 1187 voces
785 1122 971 1188 coniunctas
994 1115 1010 1204 b
1030 1125 1177 1208 quadrati
1206 1125 1273 1190 sive
1306 1114 1446 1190 tmollis

180 1231 241 1294 sub
273 1230 632 1313 proslambanomenon,
669 1230 725 1294 sed
754 1233 879 1295 tantum
908 1235 957 1296 est
984 1231 1133 1314 diapente
1161 1237 1250 1297 recta
1281 1234 1342 1297 sub
1372 1238 1400 1297 Γ
1402 1239 1446 1317 ut,

179 1338 227 1403 ita
254 1343 290 1402 ut
319 1344 348 1403 Γ
347 1345 386 1403 ut
412 1338 454 1403 sit
481 1341 594 1403 octava
622 1340 821 1422 pectre-ut,
854 1339 1026 1422 retropolis
1055 1345 1167 1405 octava
1194 1341 1261 1404 sive
1291 1341 1446 1424 diapason

179 1448 201 1531 f
211 1448 304 1531 fu-ut
329 1451 361 1512 et
395 1445 459 1511 alia
492 1447 646 1530 diapason
673 1448 808 1511 elam
834 1446 961 1530 aliaque
995 1449 1131 1512 usurae
1159 1452 1190 1512 et
1220 1448 1284 1512 alia
1316 1471 1333 1512 c
1357 1450 1450 1532 fer-ut

182 1559 296 1620 octava
318 1556 377 1621 sub
401 1557 534 1620 dsotre
556 1556 640 1620 idest
664 1556 828 1639 diapason.
880 1555 950 1620 Iam
976 1555 1029 1620 hie
1052 1553 1216 1621 Bononiae
1245 1555 1445 1639 repperimus

181 1663 426 1748 polychcrdum,
458 1664 515 1728 sed
543 1665 602 1728 snb
625 1686 641 1728 c
663 1665 755 1748 fu-ut
780 1685 845 1732 non
872 1663 934 1728 nisi
962 1663 997 1727 in
1020 1663 1184 1748 Hispania.
1235 1663 1354 1728 Verum
1381 1687 1446 1730 non

181 1771 288 1850 refert,
313 1771 369 1836 ubi
393 1771 463 1856 quis
485 1771 629 1855 incipiat,
652 1772 749 1836 modo
770 1772 962 1837 chordarum
984 1772 1071 1836 modi
1096 1776 1128 1836 et
1151 1772 1324 1836 divisiones
1349 1772 1445 1837 semi-

180 1879 341 1945 toniorum
366 1883 570 1945 ettenorum
594 1881 813 1945 observentur.

182 1995 184 1999 '
264 1988 396 2053 Habent
411 2010 446 2053 se
469 1987 570 2074 igitur
591 1987 655 2051 ista
677 1987 882 2053 tetrachorda
898 1987 981 2051 sicut
997 2009 1228 2070 synemmenon
1245 1993 1277 2052 et
1293 1988 1446 2074 diezeug-

180 2119 306 2161 menon.
352 2097 432 2161 Inde
457 2101 506 2161 est
533 2117 620 2182 ergo,
646 2096 731 2179 quod
756 2094 811 2159 isti
839 2095 1102 2178 contemporanei
1128 2095 1230 2160 nostri
1260 2095 1446 2161 coniunctas

180 2204 359 2289 appellant3
394 2205 451 2268 sed
485 2204 582 2279 etiam
620 2203 794 2268 disiunctas
831 2201 1006 2286 improprie
1043 2207 1172 2285 vocant,
1212 2204 1338 2286 quando
1377 2205 1445 2268 sine

181 2313 360 2377 mutatione
390 2313 430 2376 ab
453 2334 517 2375 una
539 2311 737 2395 proprietate
765 2311 800 2375 in
823 2309 920 2375 aliam
944 2333 978 2375 se
1000 2310 1208 2394 transferunt,
1238 2315 1274 2376 ut
1296 2315 1387 2395 puta:
1418 2312 1446 2376 si

180 2420 382 2505 reperiantur
404 2421 436 2483 in
460 2421 643 2504 esctfu-cct
657 2419 799 2483 dicentes
818 2419 856 2502 fu
873 2423 905 2483 et
922 2419 962 2484 ad
984 2420 1005 2503 f
1014 2419 1106 2502 fu-ut
1120 2419 1313 2483 descendere
1333 2420 1446 2484 imme-

180 2529 266 2593 diate
290 2532 467 2615 cogantur1
491 2533 523 2592 et
546 2528 661 2592 deinde
686 2529 726 2592 ad
749 2527 923 2612 graviores,
951 2532 1027 2592 tune
1055 2527 1110 2592 ille
1134 2528 1306 2592 descensus
1329 2528 1446 2593 dicitur

180 2636 347 2715 disiuncta,
378 2635 453 2720 quia
480 2637 518 2720 fu
552 2635 585 2699 in
621 2635 729 2700 altiori
756 2657 834 2700 voce
863 2640 895 2700 et
923 2637 961 2720 fc
988 2636 1022 2698 in
1051 2624 1198 2699 inferiori
1226 2637 1465 2719 pronuntiant.¹

181 2744 234 2810 Sic
259 2747 291 2809 et
315 2744 522 2828 quandoper
549 2745 705 2828 diapason
729 2745 830 2808 saltus
857 2744 903 2834 fit,
931 2745 1125 2828 ubicumque
1153 2743 1200 2826 fit,
1228 2766 1355 2827 semper
1382 2745 1446 2810 dis-

181 2853 291 2917 iuncta
320 2853 374 2916 fiet
401 2853 591 2917 necessario.
642 2853 719 2917 Dixi
749 2853 783 2917 in
814 2853 968 2936 diapason
998 2853 1195 2935 necessarie,
1229 2854 1379 2937 quoniam
1412 2853 1445 2917 in

184 2961 334 3045 diapente
358 2984 423 3026 non
446 2984 573 3044 semper
591 2961 626 3026 fit
642 2962 681 3026 de
704 2963 906 3044 necessitate,
931 2962 988 3025 sed
1011 2961 1124 3042 solum,
1147 2961 1273 3044 quando
1297 2961 1446 3043 diapente

185 3074 233 3133 est
255 3069 304 3132 mi
318 3069 366 3132 mi
387 3073 422 3133 ut
445 3059 490 3147 eb
510 3074 565 3133 aut
586 3071 623 3154 fu
638 3071 675 3153 su
690 3073 726 3133 ut
740 3071 775 3154 f²
789 3071 817 3132 lc.
857 3069 921 3134 Sed
937 3069 964 3132 si
980 3070 1115 3153 [cantus]
1131 3069 1188 3133 fiat
1204 3069 1244 3131 ab
1267 3090 1288 3132 u
1302 3070 1445 3132 ami-e
1559 3097 1569 3123 ι

183 3178 362 3242 existente3
389 3199 460 3241 eum
486 3199 520 3240 re
548 3181 580 3241 et
607 3178 799 3242 descendat⁴
828 3200 886 3260 per
915 3176 1032 3241 saltum
1062 3177 1227 3260 diapente,
1258 3176 1443 3252 immediate

182 3285 262 3350 illud
285 3307 318 3349 re
340 3288 483 3349 mutatur
505 3285 539 3348 in
554 3287 586 3349 lu
602 3289 634 3349 et
649 3285 765 3350 dicitur
779 3307 813 3350 re
828 3287 859 3350 lu
873 3307 915 3368 rc,
941 3285 1093 3369 quoniam
1108 3289 1184 3348 tuno
1200 3285 1282 3348 bene
1299 3283 1444 3368 sequitur

179 3392 259 3459 illud
285 3393 382 3460 raab
411 3393 468 3458 illo
496 3395 534 3457 lu.
582 3392 635 3458 Sic
666 3398 698 3458 et
724 3393 800 3477 inp
823 3394 963 3458 existens
994 3415 1066 3458 eum
1093 3398 1133 3456 ut
1158 3393 1242 3457 saltu
1271 3391 1357 3458 sacto
1386 3415 1445 3478 per

181 3501 329 3586 diapente
352 3501 540 3567 immediata
562 3524 627 3567 non
650 3503 686 3567 fit
708 3502 876 3582 disiuncta,
901 3504 957 3568 sed
979 3506 1124 3566 mutatur
1146 3501 1180 3565 in
1203 3503 1304 3566 solet
1327 3500 1444 3566 dicitur

180 3616 220 3676 ut
239 3613 286 3674 sol
298 3616 343 3694 ut,
370 3611 444 3695 quia
467 3610 550 3674 bene
574 3612 718 3694 sequitur
739 3611 838 3676 illud⁵
860 3617 899 3676 ut
920 3611 960 3679 ab
982 3609 1039 3675 illo
1063 3611 1116 3674 sol.
1155 3608 1307 3674 Tritonus
1330 3609 1444 3675 imme-

179 3718 284 3784 diatus
307 3741 433 3803 semper
461 3723 573 3784 causat
596 3717 779 3802 disiunctas,
804 3724 840 3784 ut
862 3720 889 3784 si
913 3721 953 3784 ab
975 3700 1070 3804 f'fiat
1098 3718 1200 3782 saltus
1229 3739 1329 3803 usque
1352 3719 1443 3784 escl-

177 3829 270 3912 fa-ut
289 3828 448 3892 transiens
471 3821 487 3903 ξ
511 3828 605 3892 unica
626 3825 754 3913 notula,
784 3831 860 3891 tunc
888 3827 1004 3891 dicitur
1032 3829 1066 3891 in
1088 3827 1110 3910 f
1119 3827 1157 3910 fc
1180 3829 1212 3891 et
1234 3826 1268 3892 in
1287 3832 1301 3904 b
1313 3827 1350 3910 fu
1370 3820 1445 3903 'trac‘

178 3937 227 3998 nri
250 3939 281 4000 et
304 3935 448 4019 sequitur
469 3935 538 4019 cfa
561 3939 593 3999 et
616 3939 691 3999 tunc
708 3935 867 3999 disiuncta
883 3934 1007 4017 dieitur,
1033 3935 1185 4018 quoniam
1208 3933 1288 3997 illud
1310 3935 1443 3998 minen

179 4044 324 4126 sequitur
345 4065 404 4108 nec
428 4043 589 4126 dependet
612 4043 652 4108 ab
675 4041 732 4108 illo
754 4044 792 4127 fu
814 4042 963 4129 graviori.
1004 4042 1069 4106 Alii
1092 4043 1202 4123 saltuS,
1229 4043 1284 4126 qui
1303 4042 1442 4108 maiores

177 4155 255 4216 sunt
282 4151 445 4235 diapente,
470 4173 596 4236 semper
626 4150 748 4215 faciunt
771 4150 945 4215 disiunctas
972 4155 1040 4214 tam
1062 4151 1097 4213 in
1119 4149 1316 4214 intendendo
1346 4160 1441 4234 quam

179 4258 383 4340 remittendo,
407 4263 632 4344 praeterquam
654 4259 711 4324 ubi
733 4261 765 4324 lu
786 4259 889 4343 possit
913 4259 1015 4342 accipi
1040 4257 1074 4323 in
1096 4257 1309 4340 hexachordo,
1341 4263 1385 4340 ut,
1415 4257 1445 4320 si·
1557 4324 1560 4329 ,

268 4516 276 4551 1
294 4514 421 4581 cogatur.
589 4513 599 4548 ²
618 4528 641 4564 c.
797 4515 808 4551 3
828 4511 992 4565 existentes.

264 4600 275 4636 4
294 4597 477 4652 descendant.
633 4600 644 4636 ⁵
662 4597 691 4650 li.
