3734 5572
838 416 842 422 μ
956 357 999 369 -
1046 318 1193 384 1011-

441 496 563 556 consilio
593 497 838 575 providentiaque
868 518 982 559 necnon
1011 504 1042 558 et
1066 498 1226 558 sanctitate
1253 498 1406 575 praeponi.
1453 496 1477 555 Ο
1505 496 1665 568 insaniam,
1693 514 1712 554 o

439 601 647 661 verecundiam
673 620 732 663 non
758 602 918 662 ferendam.
958 601 1108 680 Cognosce
1130 607 1161 663 te
1183 602 1284 679 ipsum
1310 601 1394 660 iuxta
1415 601 1563 677 Apollinis
1592 599 1713 659 dictum

439 706 470 762 et
496 722 555 763 non
588 705 707 766 errabis.
753 704 829 765 Nam
862 707 1017 784 proprium
1052 709 1096 766 est
1129 705 1275 765 stultitiae
1309 704 1437 764 aliorum
1469 703 1544 764 vitia
1576 721 1711 778 cernere,

439 823 562 868 suorum
583 829 654 869 vero
678 811 823 870 oblivisci.

526 931 587 988 cop.
604 914 643 970 15
668 909 727 990 (fol.
744 915 783 972 18
803 909 849 994 1.).
896 913 1082 989 Quamquam
1110 911 1192 973 varia
1214 913 1253 972 sit
1278 912 1434 971 hominum
1464 910 1502 970 ad
1528 910 1712 970 cantandum

439 1016 632 1093 introductio,
656 1036 717 1076 una
738 1020 836 1077 tamen
853 1017 1006 1076 dumtaxat
1028 1021 1058 1076 et
1072 1036 1131 1076 non
1146 1017 1249 1093 plures
1265 1016 1452 1076 celebrantur
1467 1016 1605 1075 musicae.
1639 1012 1711 1074 Hoc

441 1120 519 1179 enim
546 1121 666 1180 credere
692 1123 800 1198 procul
824 1121 917 1180 dubio
944 1119 1134 1180 insulsissimi
1161 1120 1288 1180 hominis
1315 1122 1368 1179 est.
1415 1118 1495 1189 Quid
1521 1119 1600 1178 enim
1621 1137 1713 1195 prae-

439 1225 587 1284 varicator
609 1225 698 1302 dicet,
722 1226 775 1302 qui
798 1225 937 1284 distincte
957 1242 1050 1284 ausus
1073 1224 1169 1284 estin
1190 1226 1323 1284 tractatu
1345 1223 1526 1283 confusionis
1548 1241 1618 1282 suae
1640 1241 1712 1281 mu-

440 1328 530 1386 sicam
567 1325 742 1406 Oddonis,
776 1330 921 1389 musicam
955 1329 985 1388 et
1018 1326 1188 1406 Gregorii
1222 1347 1256 1388 ao
1289 1328 1432 1387 musicam
1456 1325 1645 1386 Ambrosii
1677 1329 1711 1384 et

422 1435 609 1492 ceterorum
630 1429 848 1510 nuncupare¹?
894 1432 1102 1492 Obarbarum
1125 1436 1155 1492 et
1182 1431 1294 1510 pingue
1324 1431 1511 1508 hispanicum
1537 1431 1652 1490 dictum
1679 1433 1713 1489 et

439 1537 560 1612 penitus
590 1537 753 1614 insipidum
784 1540 815 1596 et
845 1537 969 1614 puerile.
1020 1535 1079 1595 Ubi
1107 1536 1164 1596 hoc
1185 1531 1347 1596 invenisti?
1377 1535 1443 1606 Qua
1469 1538 1566 1595 mente
1588 1534 1713 1612 excogi-

438 1635 532 1700 tasti?
569 1640 678 1700 Melius
712 1641 791 1700 enim
826 1640 948 1700 dixisses
979 1640 1145 1700 doctrinam
1173 1639 1348 1717 Gregorii
1377 1659 1431 1700 seu
1456 1638 1712 1698 introductorium

438 1744 619 1804 Ambrosii
642 1748 673 1804 et
694 1745 880 1818 reliquorum
903 1763 994 1819 quam
1015 1744 1057 1804 sic
1079 1743 1203 1803 barbare
1227 1748 1257 1803 et
1277 1743 1379 1821 inepte
1401 1743 1496 1819 loqui.
1586 1786 1588 1792 .

529 1866 589 1924 cop.
607 1849 646 1907 18
662 1843 721 1924 (fol.
740 1848 782 1906 20
795 1846 842 1925 1.).
882 1847 947 1906 Etsi
970 1867 987 1906 a
1008 1847 1160 1907 nonnullis
1182 1849 1213 1907 et
1233 1847 1359 1906 maxime
1383 1847 1505 1907 sensatis
1526 1846 1606 1924 haec,
1632 1863 1711 1920 quae

439 1953 619 2012 mutationes
640 1956 862 2030 nuncupantur,
886 1952 995 2012 frivola
1018 1955 1049 2011 et
1069 1953 1155 2029 parvi
1169 1953 1312 2012 momenti
1333 1952 1518 2030 iudicentur,
1541 1954 1649 2027 tamen,
1672 1951 1712 2009 ut

440 2057 528 2116 variis
559 2056 739 2116 satisfaciam
765 2056 887 2132 animis,
915 2075 1011 2115 meme
1042 2075 1132 2134 super
1165 2057 1223 2116 hoc
1251 2057 1390 2117 brevitati
1423 2055 1637 2133 constringam,
1670 2073 1711 2111 ne

439 2161 558 2238 longius
581 2161 743 2237 procedens
765 2159 899 2219 fatuitati
921 2159 1166 2236 praevaricatoris
1193 2160 1294 2220 videar
1321 2160 1440 2237 similis,
1465 2159 1518 2235 qui
1540 2157 1655 2218 seilicet
1676 2175 1709 2216 se

439 2264 598 2340 profitetur
620 2264 777 2340 musicum,
799 2282 879 2340 cum,
903 2261 1021 2340 Hercle,
1046 2283 1063 2322 a
1084 2264 1133 2324 via
1155 2264 1289 2324 veritatis
1313 2264 1464 2324 seiunctus
1487 2261 1602 2321 deliret.
1647 2260 1709 2320 Hic

441 2369 521 2428 enim
542 2367 685 2454 imitatus-
699 2368 923 2426 Marchetum
946 2368 1130 2444 consumpsit
1152 2371 1283 2443 quatuor
1305 2370 1336 2428 et
1357 2367 1485 2448 amptius
1500 2367 1615 2425 chartas
1630 2365 1710 2424 circa
1751 2415 1756 2426 .

440 2469 611 2532 huiusmodi
634 2473 762 2532 rationes
784 2471 911 2531 insulsas
933 2474 964 2530 ct
985 2467 1354 2548 omnino'axplodendes2.
1399 2467 1483 2549 Nam,
1506 2487 1632 2546 quaeso,
1656 2468 1710 2527 ubi

441 2571 613 2636 invenerit?
638 2576 687 2634 An
709 2575 790 2651 apud
812 2575 942 2634 scholam
964 2576 1211 2653 philosophorum
1233 2595 1251 2634 a
1273 2575 1382 2652 quibus
1405 2574 1500 2634 omnis
1516 2574 1588 2634 ordo
1604 2591 1710 2633 conso-

442 2680 613 2742 nantiarum
636 2673 806 2738 emanavit?
830 2679 879 2738 An
900 2678 981 2755 apud
1002 2679 1187 2756 Bestiam,
1217 2679 1269 2755 qui
1297 2683 1326 2738 et
1348 2672 1453 2756 auriga
1474 2677 1658 2736 musicorum
1680 2677 1712 2734 et

439 2777 621 2843 monarcha?
656 2783 811 2842 Invenitno
842 2781 922 2858 apud
944 2783 1032 2841 illum
1054 2783 1140 2859 pium
1162 2783 1341 2842 monachum
1364 2781 1570 2841 Gnidonem
1591 2783 1622 2840 et
1644 2779 1708 2838 eius

440 2887 585 2945 disertum
596 2886 777 2946 imitatorem
788 2885 808 2945 J
814 2884 926 2945 ohann
934 2906 985 2945 em
997 2880 1261 2946 carthusiensem?
1279 2885 1384 2946 Olane
1396 2905 1413 2944 a
1424 2888 1509 2962 tergo
1521 2903 1610 2960 quem
1620 2883 1705 2942 nulla

441 2990 555 3050 ciconia
577 2988 696 3067 pinsiti.
733 2989 796 3054 ¹Vis
819 2991 895 3049 scire
922 2990 978 3049 hoc
1001 2989 1136 3067 tepidum
1159 2992 1190 3048 et
1211 2988 1314 3048 audire
1337 2988 1483 3048 decenter⁴
1523 2965 1614 3064 ¹Uride
1635 2987 1707 3047 haec

441 3097 558 3172 sartago
581 3095 725 3171 loquendi
747 3094 863 3155 venerit
886 3094 918 3152 in
939 3093 1067 3171 linguas,
1091 3093 1170 3153 unde
1185 3093 1267 3152 istud
1282 3087 1433 3152 dedecus?
1458 3091 1533 3151 Nam
1548 3091 1709 3168 pulchrum

440 3203 485 3258 est
500 3198 595 3276 digito
611 3197 770 3257 monstrari
786 3201 816 3257 et
838 3197 911 3257 diei:
935 3197 983 3256 hic
1006 3200 1051 3256 est
1069 3215 1251 3256 -crassam
1274 3197 1382 3255 etenim
1404 3195 1551 3256 Marcheti
1573 3195 1708 3254 imitatus

440 3305 494 3380 est,
518 3305 555 3361 ut
570 3302 640 3380 dixi,
662 3302 806 3378 ineptiam
825 3320 860 3361 ac
882 3300 1054 3360 fatuitatem
1069 3303 1217 3376 —atque
1239 3303 1276 3360 nt
1298 3300 1441 3360 scombris
1462 3299 1606 3375 thurique
1622 3318 1710 3375 capa-

440 3406 551 3466 ciorem
572 3406 729 3482 praeberet
751 3396 893 3464 tunicam.

529 3527 589 3585 cop.
609 3510 651 3568 20
673 3506 731 3585 (fol.
750 3509 788 3566 21
802 3507 849 3586 r.).
865 3506 962 3569 *Non
989 3527 1060 3586 ergo
1088 3508 1270 3584 adaequatus
1297 3508 1430 3568 musicus
1452 3510 1482 3566 ct
1503 3507 1550 3566 vir
1572 3505 1710 3584 egregius

440 3614 588 3673 Johannes
610 3612 731 3674 Hothb
736 3633 757 3688 y
779 3611 937 3672 carmelita
951 3632 968 3671 a
982 3616 1021 3690 te,
1040 3612 1300 3690 opraevaricator,
1316 3610 1531 3687 vilpendendns
1547 3614 1601 3686 est,
1619 3628 1708 3684 quem

440 3736 495 3794 pro
525 3717 589 3778 viro
618 3717 727 3794 ignavo
756 3719 787 3775 et
813 3717 936 3776 virtutis
965 3719 1115 3792 expertem
1140 3716 1283 3775 nominas.
1329 3713 1408 3774 Suus
1430 3715 1508 3773 enim
1532 3715 1649 3789 cuique,
1671 3716 1708 3772 ut

440 3821 543 3898 inquit
565 3820 710 3898 CatulluS,
734 3820 898 3879 attributus
921 3823 966 3879 est
989 3839 1079 3896 error,
1104 3819 1156 3880 sed
1181 3838 1241 3878 non
1261 3819 1398 3879 videmus
1425 3818 1552 3878 mantice
1574 3817 1656 3893 quod
1676 3817 1708 3874 in

440 3930 526 4004 tergo
547 3928 603 3986 est.
649 3924 802 3984 Veraciter
823 3925 903 3984 enim
925 3923 1116 3983 semitonium
1139 3923 1241 3982 durale
1263 3917 1423 3998 nominat⁴,
1447 3941 1507 3981 non
1522 3920 1603 3997 quod
1625 3920 1709 3978 diffe-

440 4031 566 4089 rentiam
592 4029 683 4088 iaciat
711 4029 843 4104 aliquam
868 4028 947 4087 inter
977 4028 1131 4087 semitonia
1152 4028 1267 4087 minora
1293 4026 1411 4086 stabilia
1433 4029 1464 4085 et
1485 4025 1615 4101 mobilia,
1641 4043 1708 4084 oum

528 4259 538 4295 1

527 4254 781 4398 ²ltiilinirai5eme
803 4341 986 4412 Anspielung
1009 4341 1061 4396 auf
1080 4340 1127 4396 die
1150 4339 1255 4395 Stella:
1282 4337 1343 4409 Ego
1362 4341 1460 4394 autem
1478 4339 1658 4394 Marchatum
1674 4368 1708 4378 —

439 4447 524 4500 posse
543 4445 601 4486 non
620 4429 752 4484 dubitem
770 4430 822 4484 auf
838 4429 864 4484 S.
878 4429 938 4483 14f.

527 4515 621 4674 1:35.
635 4515 807 4658 iniiffimfi
820 4515 916 4571 Flacci
930 4515 1041 4570 satirae
1054 4515 1076 4582 I,
1090 4513 1124 4568 58
1138 4515 1189 4580 (ed.
1200 4513 1244 4568 Fr.
1254 4513 1396 4582 Duebner,
1409 4511 1527 4583 Leipzig
1535 4511 1612 4581 1833,
1621 4511 1649 4567 S.
1657 4511 1705 4578 20).
