3742 5528
950 312 1166 376 ..50-

428 484 475 550 Ut
498 484 598 570 igitur
624 484 809 550 summatim
836 485 941 550 dicam
967 485 1107 569 species,
1135 485 1251 570 quibus
1279 487 1384 553 omnis
1417 491 1528 552 cantus
1558 486 1692 572 regitur,

427 591 488 656 hae
512 591 667 657 tredecim
688 615 757 657 esse
777 596 941 676 putantur,
964 593 1130 662 videlicet:
1155 593 1324 672 unisonus,
1345 594 1564 676 semitonium,
1580 598 1693 674 tonus,

428 700 652 784 semiditonus,
693 700 836 783 ditonus,
875 701 1090 784 diatessaron,
1110 701 1280 785 tritonus,
1319 703 1487 786 diapente,
1523 723 1597 781 cum
1631 724 1695 786 qua

426 807 625 892 replicantur
650 809 776 892 priores
801 829 902 892 usque
931 809 972 874 ad
999 809 1213 890 diatessaron,
1243 813 1275 875 et
1303 811 1487 876 istomodo
1515 810 1695 893 completur

424 916 496 1000 ipsa
519 916 684 999 diapason.
776 958 778 970 ·
849 973 851 980 ,
938 925 941 931 ’
971 957 972 964 1

513 1023 646 1088 Diceret
668 1026 778 1088 tamen
807 1023 939 1108 aliquis:
964 1046 1063 1108 quare
1086 1025 1221 1090 dicimus
1249 1024 1401 1109 diapente
1428 1029 1460 1090 et
1482 1025 1692 1108 diatessaron,

419 1153 509 1216 quae
534 1130 630 1196 simul
650 1131 763 1197 iuncta
785 1130 948 1214 complent
963 1131 1142 1215 diapason?
1170 1133 1257 1197 Num
1280 1133 1357 1217 quid
1379 1134 1467 1197 enim
1486 1133 1573 1198 idem
1595 1133 1694 1198 faciet

420 1239 556 1303 ditonus
578 1261 652 1303 cum
673 1223 796 1304 hexade
819 1239 937 1304 minori
960 1243 1016 1304 aut
1038 1239 1249 1310 semiditonus
1273 1263 1344 1306 cum
1367 1241 1490 1324 maiori,
1516 1241 1563 1305 sic
1587 1245 1620 1306 et
1639 1244 1693 1306 to·

424 1367 485 1410 nus
514 1367 587 1411 cum
601 1345 759 1430 heptade·
782 1347 900 1414 minori
928 1351 961 1411 01
970 1379 976 1416 ς
987 1347 1194 1412 semitonium
1224 1370 1296 1414 oum
1323 1349 1463 1422 maiori?
1498 1347 1690 1426 Dicendum,

426 1453 512 1538 quod
534 1476 647 1518 verum
669 1458 730 1518 est.
777 1454 843 1520 Sed
871 1455 946 1540 quia
973 1455 1049 1520 illae
1073 1459 1149 1520 sunt
1174 1459 1284 1540 partes
1310 1455 1448 1521 maiores
1477 1456 1601 1520 scilicet
1623 1455 1691 1520 dia-

423 1566 521 1646 pente
545 1567 577 1625 et
600 1561 808 1644 diatessaron,
832 1563 970 1646 inques
992 1563 1064 1646 ipsa
1086 1563 1242 1646 diapason
1263 1563 1369 1648 primo
1390 1562 1550 1646 dividitur,
1576 1563 1692 1628 dicitur

424 1669 579 1753 diapason
603 1691 643 1732 ex
664 1669 729 1733 illis
752 1669 917 1756 integrari.
963 1669 1046 1734 Nam
1071 1671 1231 1754 qui.bene
1254 1671 1455 1755 inspexerint
1477 1670 1692 1756 quantitatem

424 1778 562 1841 chordae
585 1777 620 1840 in
642 1779 748 1860 prima
768 1777 872 1864 figura
893 1779 915 1842 h
936 1799 974 1844 0.·
995 1778 1030 1844 111
1052 1779 1160 1847 medio
1176 1778 1356 1864 aequaliter
1378 1780 1476 1844 distat
1498 1780 1539 1844 ab
1554 1783 1690 1862 utraque

425 1887 447 1948 d
476 1892 508 1949 et
536 1886 736 1950 diatessaron
763 1907 837 1950 cum
866 1908 886 1950 0
918 1890 950 1954 01
978 1886 1129 1970 diapente
1159 1891 1304 1960 resonat,
1319 1909 1390 1952 oum
1419 1889 1451 1952 h.
1504 1886 1564 1952 Est
1590 1886 1692 1972 igitur

424 1990 518 2057 tanta
539 1993 701 2077 quantitas
725 1992 864 2058 chordae
880 1995 1081 2061 diatessaron
1097 1996 1119 2059 d
1133 2017 1162 2076 a,
1188 1999 1308 2080 quanta
1324 1995 1474 2079 diapente
1490 1996 1554 2059 dh.
1586 1994 1692 2080 Igitur

424 2100 585 2182 nimirum,
615 2100 805 2184 sisssemper
823 2102 862 2166 de
885 2100 942 2166 illa
970 2102 1150 2186 quantitate
1174 2104 1330 2186 diapason
1356 2103 1467 2186 perfici
1494 2103 1628 2184 dicatur,
1655 2102 1689 2165 in

423 2231 518 2292 quam
540 2209 629 2292 prius
653 2208 814 2273 dividitur.

512 2328 574 2393 Sic
590 2334 623 2393 et
645 2335 757 2394 cantus
779 2330 813 2394 in
837 2352 894 2395 suo
917 2352 1071 2414 processu
1093 2331 1223 2394 suavius
1244 2332 1391 2414 procedit
1411 2354 1471 2415 per
1491 2331 1564 2395 illas
1584 2352 1687 2412 voces,

292 2430 297 2438 ’
423 2459 504 2520 quae
528 2435 587 2534 has
615 2438 752 2520 species·
767 2433 916 2516 formant,
947 2460 1042 2521 quam
1069 2461 1129 2521 per
1155 2438 1244 2521 aliaS,
1274 2443 1310 2503 ut
1336 2438 1531 2522 paulopost
1556 2439 1688 2503 dicetur.

421 2543 497 2609 Non
512 2548 622 2609 tamen
642 2544 839 2609 arbitrentur
862 2545 962 2629 aliqui
978 2568 1017 2610 ex
1032 2545 1093 2610 hoc
1110 2549 1180 2610 esse
1195 2551 1325 2611 tantam
1337 2549 1500 2631 quan-(pag
1516 2547 1689 2629 39)titatem

422 2653 623 2717 diatessaron
645 2651 679 2715 in
702 2673 792 2735 sono,
817 2657 954 2736 quanta¹
980 2657 1029 2718 est
1056 2655 1214 2737 diapente,
1245 2654 1396 2739 quoniam
1422 2677 1480 2738 per
1502 2657 1624 2737 tonum,
1652 2657 1688 2717 ut

421 2760 624 2842 dictumest,
650 2759 821 2824 exceditur.
892 2778 896 2814 ·.

506 2880 565 2944 Est
588 2881 787 2945 tamen'alia
810 2881 987 2967 quantitas,
1012 2905 1093 2967 quae
1118 2884 1209 2966 quasi
1235 2883 1318 2947 nihil
1341 2883 1448 2947 differt
1473 2882 1508 2946 111
1536 2904 1625 2960 sone,
1653 2882 1688 2945 in

421 3011 517 3072 quam
533 2988 688 3072 diapason
712 2988 810 3054 dividi
828 2993 943 3074 potest,
968 2994 1083 3073 utputa
1105 2991 1244 3055 tritonus
1267 2995 1299 3056 01
1314 2991 1463 3074 diapente
1486 2989 1686 3073 imperfecta,

338 3137 343 3146 ‚
421 3119 502 3180 quae
525 3101 668 3162 vocatur
686 3097 928 3182 semidiapente,
958 3102 994 3162 ut
1016 3099 1071 3182 bf
1089 3103 1122 3162 et
1143 3099 1165 3182 f
1177 3090 1207 3178 h,
1238 3098 1389 3182 quoniam
1416 3101 1507 3162 tanta
1535 3097 1688 3161 distantia

424 3209 473 3269 est
500 3201 587 3271 inter
612 3206 671 3290 bf,
701 3210 833 3290 quanta
847 3206 934 3302 inter
954 3206 976 3289 f
988 3197 1004 3285 h
1026 3196 1094 3270 nec
1114 3206 1221 3271 differt
1247 3207 1462 3290 practicorum
1495 3205 1686 3283 differentia,

293 3329 296 3335 '
421 3303 512 3377 secus
541 3316 651 3377 tamen
679 3313 912 3406 theoricorum,
936 3315 998 3399 'qui
1015 3301 1243 3378 differentiam
1276 3314 1438 3378 semitonii
1470 3313 1686 3396 speculantur.

413 3413 458 3486 ¹In
482 3443 561 3484 sono
583 3425 693 3485 tamen
722 3423 790 3486 11011Ι
815 3422 930 3486 minus
952 3421 1073 3486 discors
1105 3425 1154 3485 est
1186 3443 1282 3504 quam
1308 3421 1377 3504 ipse
1406 3420 1545 3485 tritonus
1573 3420 1688 3483 imme-

419 3529 504 3592 diate
529 3529 740 3593 considerata.
774 3529 934 3594 Ideo'non
949 3515 1084 3593 fecimus
1100 3528 1299 3593 mentionem
1315 3529 1558 3611 semidiapente.
1598 3528 1685 3591 Loco

421 3636 508 3701 enim
529 3636 642 3702 tritoni
658 3636 869 3720 accipitur‘in
890 3658 980 3701 sono.
1020 3636 1181 3701 Nutantes·
1203 3641 1312 3700 tamen
1328 3636 1465 3700 diximus
1487 3635 1684 3716 immediate,

419 3739 581 3830 quoniam,
606 3745 634 3808 si
653 3766 712 3828 per
726 3765 821 3836 voces
844 3744 1052 3810 intermedias
1068 3745 1269 3827 procedatur,
1293 3744 1416 3807 tamin
1440 3742 1686 3826 ascensu‘quam

418 3853 453 3917 in
482 3854 638 3917 descensu
661 3852 767 3916 suavis
793 3855 841 3916 est
865 3856 897 3916 et
918 3852 1039 3916 lasciva
1066 3855 1102 3916 ut
1129 3852 1275 3936 fcdch
1299 3854 1332 3915 01
1355 3873 1371 3914 0
1394 3856 1506 3915 contra
1532 3850 1685 3933 hodes.

418 3959 494 4026 Non
516 3961 626 4026 tamen
650 3961 746 4026 debet
770 3963 882 4024 cantus
906 3960 1069 4044 quiescere
1093 3959 1127 4023 in
1149 3959 1174 4042 f,
1200 3959 1331 4043 quaudo*
1350 3958 1503 4040 ascendit,
1531 3960 1588 4023 sed
1610 3980 1686 4022 con-

402 4070 502 4133 ·rerti
519 4069 559 4132 ad
575 4091 598 4133 0.
638 4067 693 4133 Sic
717 4050 749 4132 01
772 4067 804 4130 111
821 4069 977 4132 descensu
992 4069 1135 4132 converti
1152 4068 1250 4132 debet
1265 4066 1305 4130 ad
1319 4087 1345 4130 0.
1382 4066 1552 4130 Τ11101111111
1567 4067 1683 4148 facere,

417 4181 454 4241 ut
468 4177 570 4242 frater
595 4175 791 4241 Johannes
816 4174 1096 4270 Carthusinus²¹
1122 4175 1213 4258 dicit,
1238 4179 1377 4238 nonest
1406 4179 1573 4256 peocatum
1599 4195 1685 4237 mor-

896 4405 909 4480 l

402 4507 403 4512 ’
431 4548 434 4552 -
507 4512 516 4550 1
534 4510 679 4576 quantam.
702 4529 705 4534 ·
863 4561 866 4564 .

503 4594 597 4664 2vg1.
618 4593 878 4661 Coussemaker,
898 4593 1057 4664 Scriptores
1076 4593 1125 4660 IV,
1144 4594 1229 4647 3720.
