3742 5528
966 330 1160 394 .-4..

430 508 480 570 est
507 503 542 569 in
567 503 651 569 libro
665 523 667 526 ·
680 504 717 567 de
738 504 884 568 animm:
908 524 971 568 vox
1000 507 1049 567 est
1071 523 1168 568 sonus
1198 502 1333 569 animati
1361 506 1496 568 tantum.
1543 502 1608 568 Sed
1634 523 1697 567 vox

430 612 528 677 etiarn
564 611 816 676 inanimatorum
851 614 912 694 est,
952 615 989 674 ut
1021 610 1310 676 instrumentorum
1343 610 1552 694 musicorum,
1592 609 1696 675 solum

429 719 604 785 secundum
632 718 890 801 similitudinem,
928 719 1003 802 quia
1036 718 1173 783 discrete
1206 723 1330 784 sonant.
1384 718 1490 784 Sonus
1524 739 1599 784 vero
1630 729 1697 783 no'n
1782 720 1785 725 ’

429 826 620 911 simpliciter
653 827 710 891 sed
743 849 802 910 pro
836 847 915 891 sono
950 827 1085 895 duarum
1120 831 1177 891 aut
1206 826 1346 910 plurium
1376 825 1567 892 chordarum
1601 825 1697 891 simul

427 956 651 1020 percusserum
674 939 731 999 aut
757 932 924 1000 hominum
954 934 1090 999 duorum
1118 934 1299 1018 pluriumve
1327 935 1423 998 simul
1450 933 1634 1000 canentium
1663 934 1697 998 in

430 1043 688 1129 praesentiarum
711 1043 877 1126 accipitur.

514 1151 676 1216 Numerus
705 1171 782 1215 vero
810 1150 960 1215 similiter
988 1171 1053 1215 non
1083 1150 1228 1234 simplex,
1257 1151 1314 1215 sed
1341 1172 1414 1215 cum
1435 1151 1625 1216 habitudine
1656 1150 1696 1214 ad

427 1259 595 1343 passiones
635 1257 864 1324 consideratur.
922 1257 1031 1322 Prima
1068 1262 1177 1322 autem
1215 1259 1430 1324 consideratio
1468 1258 1488 1323 a
1523 1257 1695 1324 neotericis

428 1372 540 1432 cantus
569 1366 692 1449 firmus,
726 1389 745 1431 a
775 1365 967 1450 quibusdam
995 1387 1071 1431 vero
1104 1371 1216 1430 cantus
1247 1367 1363 1450 planus
1396 1366 1524 1449 dicitur,
1556 1367 1696 1431 secunda

428 1479 688 1558 contrapunctus,
714 1496 810 1558 quam
833 1474 875 1539 ab
898 1475 1038 1558 antiquis
1063 1474 1339 1560 organisationem
1355 1473 1474 1540 dictam
1496 1474 1596 1539 fuisse
1620 1495 1695 1540 con-

428 1587 506 1663 stat;
541 1587 575 1647 at
607 1582 705 1648 tertia
734 1587 847 1647 cantus
878 1581 1047 1667 figuratus,
1084 1604 1166 1666 quae
1200 1605 1219 1646 a
1248 1582 1411 1667 plerisque
1439 1583 1552 1668 organi
1583 1585 1696 1646 cantus

429 1691 619 1775 appellatur.
666 1689 849 1755 Secundum
872 1689 956 1754 hanc
978 1690 1078 1775 igitur
1105 1690 1266 1774 triplicem
1289 1691 1579 1756 considerationem
1608 1711 1695 1755 com-

427 1798 581 1882 pendium
603 1797 665 1863 hoc
687 1801 834 1862 nostrum
857 1797 1044 1862 dividemus.

514 1907 552 1971 In
575 1907 679 1990 prima
710 1905 966 1971 consideratione
994 1906 1057 1969 tria
1086 1907 1259 1988 praecipue
1288 1907 1540 1989 procurabimus.
1586 1904 1695 1969 Primo

426 2013 641 2079 instrumento
671 2035 730 2099 per
753 2017 856 2078 artem
879 2013 1058 2096 composito
1087 2017 1192 2078 rectas
1221 2013 1288 2078 eius
1312 2014 1486 2079 divisiones
1513 2013 1696 2078 erudiendis

428 2123 620 2186 adsensum
643 2121 895 2186 monstrabimus
927 2125 960 2184 11
987 2121 1180 2185 chordarum
1215 2123 1390 2194 secundum
1421 2121 1595 2186 divisiones
1623 2142 1696 2204 per-

428 2251 593 2294 cursatum
616 2230 768 2312 sonitum,
797 2233 834 2294 ut
855 2230 1030 2293 memoriae
1052 2225 1218 2312 mandent,
1247 2230 1499 2295 admonebimus.
1547 2228 1696 2293 Secundo

430 2360 587 2422 organum
616 2337 764 2402 naturale
791 2359 849 2421 per
873 2337 969 2401 arsim
999 2341 1032 2401 et
1052 2337 1192 2402 thesim²
1222 2338 1307 2403 idest
1333 2361 1391 2422 per
1420 2337 1633 2402 elevationem
1664 2339 1697 2399 11

428 2446 665 2530 depositionem
696 2445 763 2509 sive
799 2467 858 2529 per
894 2445 1111 2516 intensionem
1146 2449 1178 2510 et
1212 2447 1403 2531 remis-(pag.
1426 2445 1584 2528 elsionem
1623 2465 1696 2508 oum

428 2555 506 2618 artis
543 2553 758 2616 instrumento
796 2551 984 2635 copulantes
1021 2552 1160 2635 psallere
1195 2554 1398 2619 concorditer
1434 2551 1692 2632 assuefecimus,

427 2682 592 2743 quousque
620 2660 689 2724 sine
722 2681 759 2725 eo
786 2659 932 2745 legitime
963 2660 1101 2744 psallere
1137 2659 1315 2727 didicerint.
1366 2660 1477 2725 Tertio
1506 2682 1583 2724 vero
1617 2659 1695 2724 odas

425 2768 478 2832 vel
500 2767 642 2850 notulas,
671 2789 729 2850 per
758 2789 837 2850 quas
866 2767 969 2832 omnis
997 2772 1109 2833 cantus
1142 2769 1301 2855 dignosci,
1331 2769 1454 2833 cantari
1481 2768 1694 2852 componique

427 2875 540 2958 possit,
564 2877 598 2939 in
620 2874 717 2959 plano
742 2875 991 2960 designabimus

514 2982 634 3050 Verum
669 2984 744 3066 quia
776 2984 1064 3049 instrumentorum
1099 2988 1166 3049 arte
1202 2985 1419 3049 constantium
1457 2983 1582 3047 diversa
1620 2985 1715 3066 suntx

428 3113 557 3176 genera,
581 3113 622 3155 ne
644 3091 801 3156 varietate
826 3091 995 3174 disciplina
1021 3091 1078 3156 fiat
1105 3092 1284 3174 obscurior,
1313 3113 1410 3156 unam
1433 3089 1586 3155 chordam
1615 3090 1696 3154 divi-

427 3199 522 3263 dendi
554 3199 684 3264 modum
717 3203 749 3263 et
780 3199 925 3285 regulam
960 3201 1121 3282 dabimus,
1156 3202 1240 3265 unde
1274 3198 1484 3267 monochordi
1513 3221 1532 3262 a
1562 3197 1694 3263 Graecis

426 3328 544 3370 nomen
568 3311 767 3390 assumptum
791 3311 848 3372 est.
892 3309 1011 3373 Postea
1033 3330 1109 3373 vero
1132 3330 1191 3392 per
1214 3307 1278 3372 alia
1298 3311 1503 3372 transeuntes
1526 3307 1566 3370 ad
1588 3307 1695 3371 inten-

426 3419 495 3478 tum
517 3413 614 3479 finem
637 3415 852 3481 deveniemus.

800 3736 1045 3819 capitulum
1073 3737 1320 3806 secundum.

546 3893 1062 3979 Monochordi'elemcntaris
1091 3907 1222 3977 divisio
1251 3930 1317 3976 seu
1344 3905 1574 3998 compositio.

407 4104 409 4108 .
425 4070 679 4203 REGULARE
695 4072 949 4137 monochordum
964 4074 1107 4137 numeris
1125 4077 1157 4137 et
1172 4092 1322 4134 mensura
1343 4070 1506 4135 subtiliter
1521 4093 1539 4134 a
1554 4071 1693 4136 Boetio

498 4179 659 4244 dividitur.
707 4179 772 4245 Sed
794 4180 883 4257 illud,
909 4180 992 4244 sicut
1014 4179 1168 4244 theoricis
1190 4178 1270 4242 utile
1298 4178 1534 4262 iocundnmque
1559 4183 1617 4263 est,
1647 4179 1695 4243 ita

426 4287 612 4352 cantoribus
634 4269 834 4352 laboriosum
856 4286 1088 4370 intellectuque
1113 4286 1253 4350 difficile.
1299 4284 1418 4349 Verum
1447 4287 1522 4369 quia
1548 4287 1694 4370 utrisque

423 4393 609 4459 satisfacere
622 4394 760 4479 polliciti
773 4417 891 4471 sumus,
907 4394 1097 4459 facillimam
1108 4393 1267 4479 regularis
1278 4393 1488 4458 monochordi
1501 4394 1694 4460 divisionem

513 4636 629 4691 1coe10.
667 4634 727 4701 [Die
748 4635 839 4691 Stella
858 4635 949 4690 findet
967 4633 1029 4690 sich
1048 4635 1198 4688 Deorcima
1216 4635 1250 4701 ll,
1270 4649 1292 4687 c.
1306 4633 1329 4687 8.
1349 4634 1407 4700 419,
1420 4635 1446 4701 b,
1465 4634 1527 4700 411]

508 4723 519 4759 2
538 4722 647 4776 sersim.
