3742 5528
936 293 1147 358 ..44-

410 465 474 531 alia
496 469 530 531 in
552 489 650 549 mese,
675 467 742 530 sive
766 489 784 530 a
806 467 959 552 gravibus
982 466 1099 531 litteris
1130 467 1169 531 ad
1198 467 1305 550 ipsum
1327 467 1520 550 pervenerit,
1546 466 1612 531 sive
1636 467 1677 530 ab

411 575 512 638 acutis
544 575 741 639 descendens
777 575 883 658 ipsum
915 573 1070 660 tetigerit,
1102 573 1293 658 praesertim
1321 573 1349 638 si
1381 573 1502 659 pluries
1541 575 1677 640 eundem

409 683 515 756 locum
549 682 788 770 repercusserit.
834 682 925 747 Idem
960 704 1095 766 quoque,
1134 683 1162 746 si
1199 687 1311 748 cantus
1349 682 1434 749 hunc
1470 705 1676 770 progressum

410 790 523 855 fecerit
556 791 823 855 ddcdcdd
851 794 883 854 et
923 791 956 854 in
986 791 1052 854 suis
1085 790 1225 870 octavis;
1262 792 1280 854 b
1307 813 1323 856 3
1353 795 1401 856 331
1431 796 1526 856 13333
1554 793 1679 857 etad

409 898 615 962 semitonium
638 898 687 962 bis
711 897 832 964 factum
856 902 888 962 et
911 898 956 962 sic
980 903 1036 962 aut
1058 898 1283 964 subintellecto
1312 921 1407 963 voces
1437 899 1562 964 1333133
1585 903 1677 964 tene-

411 1005 492 1070 bunt
537 1005 743 1072 semitonium
787 1011 842 1071 aut
883 1006 1019 1072 mutatio
1062 1008 1118 1072 fiet
1159 1009 1208 1072 331
1244 1007 1276 1072 13
1313 1029 1355 1090 re,
1400 1030 1481 1092 quae
1523 1014 1603 1072 vor·
1630 1012 1679 1072 est

410 1113 660 1179 coniunctarum.

499 1221 607 1287 Etiam
631 1221 708 1288 dicit
731 1222 800 1306 ipse
823 1222 843 1287 J
851 1223 1027 1288 ohannes
1059 1243 1096 1288 ex
1127 1224 1238 1290 ditono
1267 1223 1494 1290 semiditonum
1522 1224 1591 1288 fieri
1614 1223 1676 1288 hoc

408 1331 518 1395 modo:
547 1329 583 1396 si
606 1335 717 1396 cantus
741 1331 827 1396 dicat
849 1333 881 1396 13
901 1332 940 1415 fo
960 1334 1007 1397 331
1031 1335 1078 1398 331
1098 1355 1164 1398 nou
1188 1333 1319 1397 veniens
1341 1332 1459 1397 iterum
1483 1333 1523 1396 ad
1545 1333 1591 1416 fu,
1620 1337 1676 1396 aut

321 1477 324 1484 Α
411 1438 636 1504 subintellecta
666 1438 877 1504 semiditonus
901 1440 1040 1516 3311331
1062 1441 1199 1505 mutatio
1221 1441 1277 1504 fiat
1299 1443 1331 1505 lu
1350 1440 1386 1505 in
1408 1443 1465 1525 331,
1495 1443 1531 1505 31
1554 1440 1677 1505 dicatur

408 1547 441 1610 13
462 1548 509 1611 331
529 1547 578 1610 aad
598 1548 636 1631 fc
654 1549 708 1632 fra·
734 1551 765 1612 et
789 1547 935 1612 adhunc
959 1549 1089 1613 modum
1113 1548 1251 1634 diligens
1274 1549 1376 1614 lector
1399 1550 1438 1613 de
1462 1548 1535 1613 aliis
1556 1547 1677 1632 poterit

407 1652 548 1718 iudicare
571 1656 633 1720 hoc
655 1656 751 1721 modo
775 1655 948 1741 dispositis.
995 1657 1037 1721 Et
1059 1657 1141 1722 tales
1164 1661 1260 1723 notae
1290 1658 1408 1724 debent
1437 1679 1506 1722 esse
1530 1657 1675 1742 signatae

408 1761 469 1827 hoc
489 1764 582 1853 signo
605 1764 730 1829 33111331
749 1759 767 1846 i
799 1765 851 1830 331
873 1765 936 1830 1313
958 1774 990 1830 tt.
1036 1766 1086 1831 Ad
1108 1765 1263 1831 maiorem
1280 1765 1473 1832 evidentiam
1496 1765 1603 1852 igitur,
1622 1763 1676 1848 qui

409 1875 539 1936 cantum
573 1894 765 1957 componere
798 1874 875 1957 vult,
914 1875 1051 1939 multum
1083 1874 1180 1940 debet
1209 1877 1373 1940 advertere
1403 1874 1487 1940 cirea
1516 1872 1605 1956 haec,
1637 1873 1676 1936 de

411 1979 526 2062 quibus
556 1981 653 2045 etiam
681 1980 831 2047 subtilius
860 1981 895 2046 in
926 1983 1066 2056 secunda
1092 1987 1184 2067 purte
1212 1983 1361 2059 dicemus.
1414 1983 1507 2047 Nunc
1535 2003 1610 2047 vero
1638 1981 1677 2044 ad

410 2087 641 2166 confusionem
661 2113 698 2154 ex
727 2089 884 2156 Guidonis
913 2092 1046 2156 vocibus
1082 2095 1287 2156 consecutam
1315 2091 1539 2156 declarandam
1575 2112 1677 2174 pauca

407 2196 471 2259 ista
493 2195 661 2263 sufficiant.
1083 2284 1086 2288 1

493 2307 580 2370 Bene
605 2307 733 2390 quidem
756 2307 837 2372 dixit
866 2307 904 2371 de
927 2307 978 2371 his
1001 2307 1235 2372 mutationibus
1256 2309 1327 2392 ipse
1350 2308 1450 2372 frater
1472 2307 1492 2372 J
1498 2307 1672 2372 ohannes

362 2407 367 2414 “
409 2411 683 2479 Carthusinus:
720 2437 785 2479 non
810 2415 880 2480 dico
903 2416 991 2480 33313
1013 2417 1047 2480 13
1070 2438 1182 2480 vocem
1205 2415 1427 2500 mutationem,
1457 2417 1669 2480 3311313331-

408 2522 492 2607 bage
521 2521 554 2585 in
584 2524 754 2609 ambagem
783 2524 1007 2589 variationem..
1057 2523 1178 2604 Solum
1195 2524 1296 2589 refert
1324 2529 1418 2589 tonos
1450 2529 1482 2589 et
1505 2525 1675 2589 semitonia

409 2634 563 2695 annotare
585 2635 617 2695 et
639 2653 698 2718 per
720 2631 846 2701 litteras
863 2631 1013 2719 Gregorii
1029 2638 1171 2698 canere¹⁸
1218 2634 1287 2698 Hoc
1309 2632 1457 2718 equidem
1480 2634 1519 2698 de
1542 2633 1674 2698 vocibus

407 2738 488 2802 meis
512 2739 592 2803 dico.
637 2739 721 2804 Nam
750 2741 804 2825 qui
831 2763 889 2824 per
911 2745 1038 2806 nostras
1062 2745 1192 2806 cantare
1220 2741 1382 2807 volueriut
1412 2763 1515 2826 33333,
1545 2741 1672 2805 unicam

407 2849 533 2912 tantum
556 2849 769 2914 mutationem
791 2850 825 2914 in
848 2871 912 2913 una
935 2849 1089 2933 diapason
1112 2850 1218 2914 faeere
1242 2851 1473 2932 tenebuntur,*
1499 2850 1584 2934 quod
1607 2852 1669 2913 est:

409 2977 480 3019 cum
504 2960 617 3021 cantus
640 2957 725 3022 ultra
747 2980 763 3021 3
786 2961 915 3022 acutum
938 2958 1168 3038 conscenderit,
1202 2963 1249 3022 133
1271 2960 1305 3022 in
1323 2961 1399 3042 psol
1421 2959 1616 3023 mutabimus
1641 2960 1674 3020 et

408 3063 453 3128 sic
476 3064 532 3128 fiet
554 3067 690 3130 mutatio
715 3072 763 3130 133
780 3068 868 3151 psci3
898 3070 931 3130 at
954 3089 1025 3130 cum
1049 3067 1197 3132 deorsum
1220 3067 1329 3132 venire
1353 3067 1521 3148 voluerint,
1545 3069 1620 3151 psol
1640 3065 1674 3129 in

409 3177 457 3235 133
479 3175 658 3238 mutabunt.
697 3175 766 3239 Hoc
791 3175 875 3239 enim
897 3176 992 3238 modo
1010 3187 1138 3254 (paam)
1157 3179 1189 3239 et
1210 3174 1243 3240 in
1266 3175 1358 3261 gravi
1380 3175 1528 3240 fiendum.
1567 3175 1673 3258 Atque

410 3279 506 3344 etiarn
537 3279 599 3346 hoo
632 3282 739 3347 iacere
770 3305 835 3348 non
867 3287 1023 3369 cogantur
1054 3282 1264 3366 addiscentes,
1301 3283 1453 3367 quoniam
1483 3283 1673 3368 quandoque

407 3411 506 3453 unum
528 3412 587 3473 pro
611 3391 674 3456 alio
699 3391 803 3456 dicere
826 3390 1051 3475 permittimus.
1099 3391 1164 3457 Sed
1193 3392 1297 3457 solum
1321 3391 1449 3478 regulas
1472 3390 1671 3474 supradictas

408 3497 584 3582 advertere,
609 3497 669 3564 hoc
687 3503 736 3565 331
751 3501 875 3584 species
891 3503 1041 3565 tonorum
1058 3503 1113 3564 331
1129 3500 1373 3565 semitoniorum
1389 3501 1570 3582 observare,
1595 3521 1670 3564 con-

406 3610 565 3684 suescant,
589 3607 636 3672 ita
658 3611 781 3672 utnon
804 3629 901 3672 unam
922 3630 981 3692 pro
1005 3607 1219 3688 disfaciant,
1245 3609 1328 3672 sicut
1344 3607 1503 3693 contingit
1525 3607 1673 3672 33111333-

410 3714 505 3798 tibus,
529 3719 565 3780 ut
588 3717 685 3800 aiunt,
710 3738 769 3800 per
790 3738 885 3781 33333
902 3715 1067 3781 Guidonis.
1114 3717 1153 3780 In
1176 3720 1301 3781 tantum
1326 3715 1410 3780 enim
1433 3717 1670 3780 neotericorum

408 3822 486 3887 fides
518 3823 676 3888 catholica
705 3826 790 3889 31333
821 3823 978 3890 Gnidonis
1011 3846 1106 3890 voces
1138 3826 1239 3889 crevit
1268 3829 1400 3908 propter
1429 3824 1669 3890 consuetudinis

409 3931 653 4017 longitudinem,
671 3936 707 3998 ut
721 3932 917 4019 Ugolinus
933 3933 1278 3998 Urbeveteranus²
1301 3932 1467 3997 Ferrariae
1483 3934 1516 3997 in
1534 3932 1669 3998 ecclesia

496 4237 587 4306 1Vgl.
607 4237 866 4304 Coussemaker,
886 4235 1046 4306 Scriptores
1065 4238 1113 4305 lv,
1132 4239 1182 4292 347
1194 4240 1220 4304 b,
1239 4237 1317 4293 3491)
1337 4238 1395 4292 und
1413 4237 1492 4291 3741.
1594 4195 1598 4206 ·

494 4332 586 4402 2Vgr.
606 4331 651 4387 De
670 4333 704 4386 13
715 4332 816 4401 Frage,
836 4332 1099 4402 Dipttte‘roprophie
1110 4334 1242 4387 musiccle
1260 4332 1310 4388 No.
1325 4334 1365 4386 12.
1397 4332 1508 4387 Musica
1520 4332 1674 4401 disciplina

409 4419 542 4489 magistri
560 4419 679 4489 Ugolini
697 4419 880 4474 Urbevetani.
919 4419 1005 4487 (Rom,
1024 4407 1098 4474 min.
1119 4421 1250 4474 Casauat.
1272 4420 1370 4473 3113
1390 4420 1490 4487 121511.)

494 4513 623 4568 *Etiam
641 4531 693 4584 per
710 4531 794 4569 voces
815 4514 982 4569 Guidonis
1007 4532 1158 4585 possumus
1183 4517 1300 4570 cantare
1324 4515 1507 4570 tetrachorda
1530 4513 1674 4568 disiuncta

407 4599 517 4672 triplici
535 4600 673 4656 videlicet
691 4600 870 4656 diatessaron
889 4599 1118 4656 consideratione
1139 4601 1201 4656 rino
1220 4601 1388 4656 mutatione.
