3742 5528
629 273 901 345 ’-1,7-

139 447 355 530 pronuntiet,
380 446 493 530 quinta
514 451 692 530 paraneten
709 447 971 532 diezeugmenon,
996 447 1064 516 sive
1086 451 1178 512 netes
1194 469 1425 532 synemmenon

160 576 275 618 sonum
291 554 427 638 emittet,
448 555 604 638 diapason
628 559 660 619 et
676 554 825 638 diapente
845 576 964 626 sonans
987 577 1059 619 cum
1074 556 1186 639 prima.
1225 555 1294 621 Nec
1315 561 1426 624 tamen

160 663 221 727 hoc
245 662 283 726 de
305 663 500 727 necessitate
522 662 568 726 fit.
614 662 696 727 Aliis
725 663 811 727 enim
837 663 941 728 modis
965 663 1099 754 diversis
1128 655 1330 730 coircorditer
1360 665 1424 730 dis-

159 770 236 853 poni
264 775 416 854 possunt,
446 774 484 835 ut
510 772 614 854 prima
643 770 686 835 sit
713 770 1068 854 proslambanomenos,
1099 774 1238 836 secunda
1268 772 1422 855 lichanos,

159 879 256 942 tertia
278 900 367 943 mese
391 882 427 949 et,
446 878 529 942 aliae
553 879 644 958 alibi,
674 883 707 943 et
728 879 810 943 istae
833 879 983 943 similiter
1005 879 1084 944 alibi
1105 879 1206 945 locari
1227 885 1362 964 possunt
1384 881 1426 944 ad

160 986 329 1051 arbitrium
344 987 512 1069 pulsantis.
552 985 616 1051 Sed
633 986 707 1071 quia
729 985 791 1052 hoo
814 1009 899 1051 nunc
913 987 1018 1072 magis
1041 987 1075 1051 in
1090 1009 1150 1051 usu
1174 993 1231 1072 est,
1255 989 1301 1053 sic
1316 989 1424 1073 potius

158 1093 333 1175 posuimus.

245 1202 284 1265 Iu
317 1201 389 1266 aliis
419 1224 496 1267 vero
529 1202 764 1280 instrumentis,
805 1226 886 1288 quae
918 1203 1034 1287 spiritu
1063 1196 1204 1282 sonant,
1227 1204 1424 1270 calamorum

160 1310 338 1394 amplitudo
361 1313 536 1376 secundum
551 1300 830 1395 superius'datam
847 1312 1090 1395 proportionem
1114 1334 1248 1376 acumen
1270 1313 1369 1378 faciet
1392 1318 1425 1378 et

159 1422 229 1500 (pag.
249 1423 290 1500 15)
313 1420 514 1504 gravitatem.
554 1421 668 1504 Itaque
692 1416 815 1502 calami,
842 1420 953 1504 quiin
976 1420 1073 1504 duplo
1096 1419 1217 1485 fuerint
1240 1422 1422 1505 ampliores,

160 1527 314 1612 diapason
344 1529 474 1613 gravius
508 1533 636 1611 sonent,
677 1532 709 1592 et
743 1528 799 1592 alii
833 1528 1019 1593 intermedii
1056 1531 1231 1594 secundum
1269 1530 1424 1595 maiorem

158 1635 355 1700 minoremve
388 1637 574 1722 grossitiem
603 1637 769 1722 graviores
801 1637 1000 1702 acutioresve
1032 1659 1129 1703 sonos
1165 1637 1318 1720 efficient,
1348 1639 1424 1702 dum

158 1747 267 1808 tamen
295 1749 458 1828 apertura,
493 1744 550 1809 ubi
579 1749 730 1809 causatur
760 1767 875 1827 sonus,
911 1751 944 1810 et
971 1745 1167 1833 longitudini
1199 1750 1231 1811 et
1259 1747 1423 1833 grossitiei

158 1853 416 1935 correspondeat.
463 1851 546 1917 Sunt
575 1857 607 1916 et
628 1851 756 1917 fistulae
781 1857 813 1917 et
835 1854 1019 1935 sambucae,
1049 1853 1224 1938 inquibus
1251 1854 1420 1940 longitudo

156 1958 235 2024 facit
258 1960 487 2039 differentiam,
515 1983 591 2030 nam
618 1960 718 2025 istae¹
742 1961 858 2024 saltem
886 1965 958 2026 octo
982 1961 1194 2032 foraminibus
1224 1963 1419 2044 aperiuntur,

157 2073 193 2132 ut
216 2067 326 2154 digitis
350 2067 457 2132 omnia
475 2067 601 2151 possint
623 2067 777 2132 obturari.
817 2067 900 2132 Nam
924 2069 952 2132 si
973 2068 1066 2151 plura
1083 2072 1200 2152 essent,
1224 2073 1280 2132 aut
1302 2068 1422 2132 frustra

158 2180 274 2258 essent,
306 2176 382 2259 quia
405 2175 510 2240 claudi
532 2197 598 2240 non
620 2179 753 2258 possent
774 2175 937 2258 inferiora,
967 2181 1023 2240 aut
1045 2177 1211 2260 superiora
1240 2175 1423 2259 discoperta

157 2287 325 2348 manerent
349 2287 381 2347 et
401 2305 523 2366 sonum,
549 2305 644 2367 quern
667 2306 733 2348 non
747 2284 913 2366 vellemus,
937 2285 1131 2348 emitterent.
1171 2283 1299 2361 Quanto
1322 2285 1423 2370 igitur

156 2389 316 2454 foramina
330 2391 434 2476 magis
451 2392 491 2455 ad
507 2391 663 2456 orificium
681 2393 846 2476 accedunt,
869 2396 960 2456 tanto
978 2415 1075 2458 sonos
1090 2393 1234 2457 reddunt*
1246 2392 1421 2479 gravioreS,

158 2505 190 2562 et
224 2503 343 2582 quanto
377 2499 418 2563 ad
451 2520 488 2563 os
525 2499 684 2583 pulsantis
717 2501 822 2585 magis
860 2500 1133 2584 appropinquant,
1171 2504 1263 2565 tanto
1298 2501 1422 2565 acutius

156 2606 305 2671 clamant.
345 2605 409 2670 Sed
432 2607 459 2670 si
482 2607 731 2691 uniuscuiusque
754 2607 920 2672 foraminis
941 2609 1098 2673 medietas
1122 2609 1224 2694 digito
1243 2609 1420 2690 claudatur,

156 2716 364 2783 semitonium
390 2717 469 2784 facit
497 2717 538 2782 ad
566 2721 670 2782 totam
695 2723 887 2803 aperturam.
934 2717 1017 2783 Sunt
1040 2722 1073 2782 et
1101 2717 1165 2781 alia
1187 2716 1418 2799 huiuscemodi,

157 2825 282 2889 diversa
311 2831 433 2906 tamen,
470 2828 640 2910 quoniam2
673 2830 811 2912 quatuor
846 2830 972 2891 tanturn
1000 2825 1159 2891 foramina
1196 2847 1269 2890 curn
1299 2825 1420 2890 orificio

155 2939 269 2998 tenent
297 2939 330 2999 et
358 2935 423 2999 illis
454 2940 591 3020 quatuor
614 2957 834 3020 quemcunque
865 2938 993 2999 cantum
1021 2935 1055 2997 in
1085 2934 1232 2998 acumine
1261 2937 1293 2997 et
1314 2935 1421 3018 gravi-

155 3048 223 3108 tate
253 3043 542 3128 comprehendunt,
576 3046 661 3130 quod
695 3044 833 3108 maxime
863 3043 1045 3107 mirandum
1075 3047 1132 3106 est.
1187 3040 1252 3105 Sed
1279 3040 1342 3106 hoc
1374 3042 1418 3123 fit,

156 3152 231 3236 quia
252 3151 399 3216 foramen
421 3153 507 3216 idern
530 3175 644 3217 sonum
667 3153 816 3236 diapente
842 3156 874 3215 et
897 3172 1011 3214 sonum
1027 3149 1181 3233 diapason
1206 3153 1238 3214 et
1253 3149 1420 3233 utriusque

157 3265 189 3324 et
210 3261 418 3345 bisdiapason
445 3262 505 3326 sub
522 3265 578 3325 aut
593 3283 689 3344 supra
711 3264 820 3343 potest
841 3259 947 3324 facere
972 3262 1004 3322 01
1026 3256 1096 3337 hoo,
1122 3258 1149 3321 si
1172 3256 1303 3340 spiritus
1328 3257 1420 3320 emit-

155 3369 235 3433 titur
255 3370 290 3433 in
314 3369 411 3453 duplo
433 3369 486 3433 vel
512 3370 546 3433 in
569 3369 666 3453 triplo
691 3373 746 3432 aut
772 3368 807 3431 in
831 3366 1009 3452 quadruplo
1032 3365 1084 3429 vel
1107 3366 1141 3429 in
1167 3364 1307 3429 trienti³.
1356 3364 1421 3430 Sed

156 3477 194 3541 de
228 3477 278 3541 his
309 3477 438 3561 quidem
468 3476 691 3541 instrumentis
723 3477 854 3560 plenam
884 3473 1035 3539 notitiam
1066 3472 1285 3537 desiderantes
1317 3476 1349 3536 01
1381 3473 1420 3537 de

157 3606 267 3649 eorum
281 3585 504 3650 inventoribus
516 3584 723 3669 ,qualiterque
744 3584 784 3648 ad
800 3581 1032 3667 perfectionem
1048 3579 1205 3664 paulatim
1222 3581 1418 3662 devenerint,

156 3693 408 3774 speculationem
440 3714 497 3757 scu
524 3691 702 3757 theoricam
729 3695 874 3756 nostram
907 3690 1084 3774 inquirant,
1119 3688 1154 3752 in
1184 3709 1247 3772 qua
1276 3687 1359 3752 mira
1388 3692 1421 3752 et

243 3966 333 4022 ¹ista.

241 4053 252 4090 2
269 4053 294 4106 A
312 4053 347 4106 80
365 4071 421 4122 quo
440 4073 513 4109 nam.

240 4139 326 4194 ³Der
351 4139 416 4194 Sata
441 4141 482 4196 ist
507 4160 563 4196 nur
589 4141 707 4210 richtig,
744 4157 829 4194 wenn
858 4155 925 4192 man
952 4137 1104 4203 annimmt‚
1134 4136 1190 4190 dsss
1216 4136 1313 4191 Remis
1338 4137 1420 4192 nicht

153 4242 219 4279 vom
239 4224 389 4282 Grundton
413 4229 544 4298 ausgebt,
569 4226 681 4283 worauf
702 4227 776 4282 auch
798 4226 845 4280 die
865 4225 964 4280 Worte
987 4225 1037 4278 aab
1055 4229 1103 4278 cut
1119 4241 1207 4292 supro
1223 4223 1420 4279 hinzuweisen

155 4311 299 4366 scheinen.
329 4313 381 4367 Bei
400 4313 479 4368 einer
497 4314 610 4370 offenen
629 4313 723 4368 Rdhre
741 4313 795 4368 mit
813 4314 878 4368 dem
898 4310 1048 4366 Grundton
1067 4315 1089 4364 e'
1108 4309 1225 4364 konnen
1243 4328 1265 4364 a.
1279 4310 1309 4364 B.
1330 4309 1420 4364 durch

154 4398 295 4453 11111101οε
309 4399 457 4454 Anblasen
475 4401 610 4471 folgende
629 4400 773 4456 Obertbne
793 4399 893 4454 erzielt
911 4398 1037 4452 werden:
1058 4400 1096 4463 (c')
1110 4398 1139 4450 c''
1149 4397 1184 4466 pl
1198 4397 1237 4450 c'''
1251 4397 1289 4450 ,m
1299 4397 1344 4466 qm
1360 4397 1418 4463 [dm]

153 4487 199 4538 c''''
217 4503 243 4539 u.
258 4505 279 4540 s.
292 4504 326 4539 w.
356 4485 409 4540 Bei
428 4487 508 4541 einer
525 4487 664 4557 ltngeren
677 4486 771 4542 Rdhre
784 4503 839 4542 von
853 4501 942 4556 enger
954 4483 1072 4539 Mensur
1090 4482 1230 4552 sprechen
1243 4482 1295 4537 der
1307 4480 1420 4537 Grund-

153 4575 205 4626 ton
223 4573 282 4627 und
301 4573 348 4627 die
367 4576 463 4628 ersten
482 4573 626 4629 Obertdne
645 4575 787 4630 schwerer
805 4591 849 4628 an.

204 4675 304 4718 senene
318 4678 356 4720 rer
368 4679 428 4721 nro.
449 4680 477 4720 11.
1195 4674 1212 4728 2
