3734 5572
957 374 1195 439 2-110-

417 550 553 610 ·frustra
574 550 698 629 laboras
723 551 865 613 videlicet
886 552 921 612 c's.
961 553 1071 614 Itidem
1093 552 1284 612 semitonium
1305 552 1384 612 inter
1399 571 1418 610 a
1433 554 1463 611 et
1478 551 1493 610 b
1508 552 1666 612 rotundam
1685 555 1718 611 et

440 658 545 713 tonum
567 655 646 714 inter
661 651 687 714 ¹c
710 660 740 716 et
761 639 778 731 d
797 657 973 734 quadratam
994 658 1052 717 hoc
1071 657 1134 716 solo
1149 656 1268 716 nomine
1283 675 1379 732 vocas,
1405 655 1544 717 videlicet
1559 661 1607 714 tar
1620 655 1656 732 ia,
1682 657 1716 715 et

440 757 482 817 sic
509 758 588 818 inter
617 763 724 819 tonum
750 763 781 820 et
805 761 998 821 semitonium
1023 761 1139 820 nullam
1164 759 1361 820 differentiam
1388 761 1453 837 ipso
1480 760 1599 820 nomine
1626 760 1711 820 facis.

440 861 536 932 Quare
558 863 591 921 in
612 881 673 925 uno
696 864 927 942 superabundas,
950 865 981 923 in
996 864 1055 925 alio
1070 883 1141 924 vero
1157 863 1308 923 astrictior
1323 882 1361 940 es,
1387 882 1456 923 cum
1473 864 1506 922 in
1520 863 1618 922 medio
1633 866 1712 923 tam-

439 984 529 1040 quam
551 967 694 1027 virtutem
716 969 793 1028 stare
815 963 929 1046 neges?
968 968 1079 1028 Utrum
1094 967 1196 1028 vidisti
1214 968 1271 1028 hoc
1286 968 1402 1027 abonis
1416 962 1611 1027 factitatum?
1650 967 1713 1028 Gur

438 1055 514 1130 hanc
536 1073 631 1130 artem
654 1072 797 1148 optimam
819 1072 862 1132 ita
884 1075 1018 1132 evertere
1041 1066 1162 1132 tentas?
1200 1069 1277 1130 Nam
1298 1071 1330 1130 in
1345 1089 1395 1130 sex
1409 1065 1579 1131 nominibus
1594 1090 1712 1148 semper

439 1174 629 1234 semitonium
651 1177 769 1235 tantiim
790 1175 836 1234 mi
855 1176 890 1252 so
913 1173 1092 1253 appellatur,
1120 1176 1151 1234 in
1173 1175 1271 1234 tribus
1292 1193 1363 1235 vero
1387 1174 1416 1232 lu
1437 1173 1479 1253 fu,
1507 1175 1644 1252 denique,
1673 1179 1713 1234 ut

437 1276 546 1338 Boetio
572 1278 702 1356 videtur,
725 1278 836 1356 hypate
858 1281 1023 1357 parhypate
1049 1279 1127 1339 idest
1148 1279 1322 1356 principalis
1345 1279 1376 1338 et
1398 1279 1482 1338 iuxta
1503 1279 1710 1356 principalem.

440 1380 518 1440 Item
539 1382 590 1440 alii
612 1382 733 1458 quidem
753 1383 801 1442 usi
824 1388 894 1444 sunt
921 1383 963 1442 aa*
974 1401 1033 1460 pro
1056 1383 1090 1442 de
1112 1401 1167 1442 cos
1189 1389 1214 1441 te
1236 1383 1283 1461 od,
1307 1401 1383 1458 quae
1406 1383 1524 1443 omnino
1548 1401 1597 1442 sar
1622 1387 1709 1456 sunt;

440 1486 630 1548 semitonium
651 1491 751 1548 tamen
772 1488 851 1547 inter
873 1487 932 1546 duo
955 1489 1075 1546 nomina
1097 1471 1282 1547 custoditur.¹
1314 1485 1345 1546 Si
1361 1486 1429 1564 quis
1444 1489 1544 1546 autem
1559 1486 1653 1547 dicat:
1678 1491 1711 1546 at

437 1590 488 1648 alii
510 1591 558 1650 usi
573 1595 644 1650 sunt
659 1595 773 1669 septem
788 1591 930 1652 videlicet
951 1609 971 1648 a
981 1591 998 1649 b
1010 1609 1024 1648 c
1035 1591 1079 1650 dc
1088 1590 1140 1667 sy,
1164 1591 1273 1652 adhoc
1288 1591 1446 1650 dicandum
1461 1593 1514 1668 est,
1540 1590 1621 1666 quod
1635 1590 1710 1650 haec

436 1694 555 1753 nomina
576 1695 769 1754 materiarum
792 1699 862 1754 sunt
877 1694 1137 1764 consonantiarum
1152 1697 1183 1754 et
1197 1694 1454 1772 dissonantiam,
1479 1713 1555 1770 quae
1570 1693 1711 1753 materies

438 1797 559 1872 quidem
579 1816 667 1859 voces
686 1799 735 1858 vel
757 1799 823 1858 soni
845 1802 884 1875 et,
909 1802 945 1857 ut
963 1798 1104 1874 proprius
1124 1799 1239 1874 loquar,
1263 1798 1413 1876 phthongi
1427 1798 1577 1858 dicuntur.
1615 1797 1710 1857 Prae-

437 1899 574 1960 cedentas
595 1920 666 1961 vero
682 1921 717 1960 ex
732 1901 892 1960 earundem
907 1901 1075 1960 officiorum
1090 1901 1139 1960 vel
1153 1899 1351 1962 accidentium
1366 1903 1585 1980 proprietatum
1599 1901 1711 1961 notitia

436 2005 515 2064 haud
538 2004 627 2064 dubie
650 2006 790 2084 existunt,
814 2009 849 2065 ut
871 2005 1032 2083 probatum
1055 2008 1108 2066 est.

1035 2298 1106 2370 ΠΙ.

521 2481 589 2545 Aus
613 2481 670 2544 der
697 2480 833 2580 Schrift:
863 2480 1025 2567 Apologia
1051 2480 1228 2546 Franchini
1255 2481 1382 2546 Gafurii
1408 2481 1523 2547 Musici
1542 2483 1707 2548 adversus

435 2587 590 2652 Ioannem
607 2587 792 2671 Spatarium
809 2593 842 2654 et
857 2589 1030 2674 complices
1046 2590 1186 2654 musicos
1202 2589 1424 2669 Bononiensas
1441 2589 1585 2675 (Taurini
1597 2589 1704 2674 1520).

522 2701 631 2761 Scribis
645 2703 768 2778 insuper
779 2702 974 2763 Laurentium
986 2703 1111 2762 Genium
1125 2721 1283 2763 monacum
1297 2701 1522 2764 Cremonensem
1536 2703 1568 2762 in
1582 2704 1707 2764 Musiois

433 2805 514 2863 hand
535 2805 725 2865 mediocriter
745 2795 897 2866 eruditum
913 2807 950 2865 ad
968 2810 1000 2866 te
1015 2806 1186 2866 adventasse
1201 2825 1235 2866 ac
1250 2806 1286 2866 de
1303 2825 1413 2867 canone
1431 2808 1485 2867 illo
1500 2810 1705 2885 praeceptoris
1823 2803 1824 2814 ³

434 2909 481 2967 tui
502 2908 656 2968 videlicet:
680 2907 718 2968 Ia
727 2909 903 2986 perfectione
923 2910 1120 2969 minimorum
1137 2928 1192 2986 per
1214 2910 1274 2968 trio
1291 2920 1399 2986 qaaere
1420 2911 1538 2970 canitur
1559 2911 1706 2970 canaam

433 3011 570 3072 habuisse
599 3031 764 3073 sermonem
780 3060 786 3073 .
804 3059 837 3074 ..
873 3015 916 3074 At
936 3014 1051 3074 ‘cantici
1073 3014 1168 3091 ipsius
1189 3015 1390 3091 praeceptoris
1412 3014 1459 3074 tui
1485 3014 1528 3072 lb
1549 3013 1650 3074 tamea
1671 3020 1705 3072 tu

433 3115 569 3191 phadon
584 3117 691 3194 potres,
717 3116 806 3194 quod,
831 3117 904 3176 dum
925 3117 1077 3178 Bononiae
1102 3113 1286 3196 (illitteratus
1304 3113 1415 3198 tamen)
1436 3117 1557 3195 publice
1578 3119 1703 3196 legeret,
1823 3149 1824 3182 ³

434 3219 594 3298 adnotavit,
617 3221 729 3282 tenoris
751 3221 808 3281 hoc
832 3221 934 3280 ordine
957 3221 1099 3297 descripti
1823 3221 1824 3238 ¹

721 3319 912 3432 ᾗ--ῇ

842 3443 873 3477 t-n-
944 3447 982 3466 men
1017 3443 1067 3479 *tn

434 3567 540 3640 quarto
563 3565 644 3623 tertii
666 3567 815 3642 practicae
838 3585 909 3625 suaa
932 3566 1088 3644 enigmatis
1111 3585 1253 3626 canonem
1275 3566 1317 3626 sic
1340 3565 1510 3627 elucidavit.
1555 3566 1703 3642 Proponit
1823 3581 1824 3600 ³

433 3668 512 3726 enim
534 3668 698 3745 quamlibet
719 3670 856 3758 voculam
878 3689 932 3746 per
954 3670 1081 3747 syllabas
1108 3671 1140 3730 in
1165 3669 1251 3728 lineis
1280 3673 1310 3729 et
1336 3669 1439 3745 spatiis
1470 3669 1622 3730 denotatas
1651 3689 1703 3729 sex
1823 3707 1824 3716 κ

435 3789 587 3830 mensuras
608 3773 716 3852 valere,
741 3773 831 3832 sicuti
853 3774 878 3833 si
901 3777 977 3832 esset
998 3775 1055 3833 hoc
1077 3773 1197 3852 signum
1222 3773 1260 3850 C,
1286 3773 1426 3849 quoniam
1447 3793 1540 3850 pausa
1560 3775 1704 3851 temporis

431 3876 462 3934 in
485 3875 632 3953 principio
654 3877 787 3954 ponitur,
817 3881 848 3936 et
869 3877 935 3937 ideo
958 3896 1154 3954 unaquaeque
1177 3876 1290 3954 syllaba
1311 3896 1405 3935 unum
1427 3881 1546 3953 tempus
1569 3877 1699 3937 denotat.

431 3977 507 4038 Nam
529 3981 646 4039 canitur
671 3983 730 4040 ter:
759 3981 856 4060 prima
877 3981 942 4040 vice
968 3982 1073 4041 notula
1100 3981 1228 4040 secunda
1254 3981 1387 4040 elevatur
1414 3980 1548 4056 aprima
1570 4001 1625 4058 per
1645 3981 1702 4039 tri·

431 4083 636 4162 hemitonium,
664 4084 695 4142 in
722 4085 850 4144 secunda
875 4085 941 4145 rice
970 4105 1024 4161 par
1050 4088 1155 4146 tonum
1185 4087 1215 4143 at
1241 4085 1273 4143 in
1298 4085 1388 4143 tertia
1414 4104 1468 4160 per
1499 4063 1697 4144 semitonium.

432 4186 544 4257 Quodsi
566 4191 653 4247 tenor
674 4187 737 4264 ipse
759 4189 791 4247 in
813 4189 994 4265 perfectione
1017 4189 1209 4248 minimorum
1230 4207 1284 4265 per
1304 4188 1362 4246 tria
1376 4207 1485 4265 genera
1504 4189 1622 4247 canitur
1636 4207 1700 4246 me-

429 4292 538 4368 lorum,
563 4292 712 4368 quomodo
736 4296 825 4352 erunt
846 4292 995 4368 perfectae
1016 4290 1186 4368 minimae1,
1211 4310 1286 4368 quae
1309 4310 1456 4368 nusquam
1478 4296 1539 4352 tres
1553 4293 1584 4351 in
1600 4295 1700 4367 partes

519 4495 529 4530 ¹
546 4493 612 4548 Wie
632 4493 787 4562 Spatana
805 4493 837 4546 in
856 4493 951 4547 sainer
969 4491 1077 4546 Schrifc
1094 4491 1197 4545 Emori
1213 4493 1243 4544 de
1261 4491 1423 4546 Froacbirw
1440 4491 1558 4560 (infusio
1569 4493 1607 4546 du
1618 4491 1697 4558 lodi,

431 4576 516 4633 Encr
533 4579 575 4646 35,
595 4578 716 4649 darIegt,
735 4579 803 4634 ziclt
816 4579 866 4633 das
880 4578 964 4633 Wort
975 4579 1160 4632 minimorum
1173 4578 1221 4632 das
1234 4577 1350 4632 Kanons
1370 4577 1452 4632 nicht
1463 4577 1515 4632 aut
1531 4577 1577 4632 dia
1590 4577 1701 4632 Noten-

429 4663 503 4719 form
515 4665 641 4733 minima,
652 4666 785 4721 sondarn
797 4665 838 4720 ist
849 4683 883 4719 zu
895 4665 1049 4720 verstehen
1063 4664 1105 4718 als
1118 4664 1303 4719 minimorum
1314 4664 1465 4734 stauarum.
1484 4663 1537 4720 Die
1550 4663 1702 4720 kleinste'n
