<?xml version="1.0" encoding="UTF-8"?>
<!DOCTYPE html PUBLIC "-//W3C//DTD XHTML 1.0 Transitional//EN"
    "http://www.w3.org/TR/xhtml1/DTD/xhtml1-transitional.dtd">
<html xmlns="http://www.w3.org/1999/xhtml" xml:lang="en" lang="en">
 <head>
  <title>
</title>
<meta http-equiv="Content-Type" content="text/html;charset=utf-8" />
  <meta name='ocr-system' content='tesseract 3.04.00' />
  <meta name='ocr-capabilities' content='ocr_page ocr_carea ocr_par ocr_line ocrx_word'/>
</head>
<body>
  <div class='ocr_page' id='page_1' title='image "./musicapracticab00wolfgoog_0115.png"; bbox 0 0 3734 5572; ppageno 0'>
   <div class='ocr_carea' id='block_1_1' title="bbox 954 347 1170 413">
    <p class='ocr_par' dir='ltr' id='par_1_1' title="bbox 954 347 1170 413">
     <span class='ocr_line' id='line_1_1' title="bbox 954 347 1170 413; baseline 0 -13"><span class='ocrx_word' id='word_1_1' title='bbox 954 347 1170 413; x_wconf 79' lang='lat'>..90-</span> 
     </span>
    </p>
   </div>
   <div class='ocr_carea' id='block_1_2' title="bbox 425 511 1700 1371">
    <p class='ocr_par' dir='ltr' id='par_1_2' title="bbox 425 511 1700 1371">
     <span class='ocr_line' id='line_1_2' title="bbox 426 511 1700 606; baseline -0.003 -18"><span class='ocrx_word' id='word_1_2' title='bbox 426 525 546 590; x_wconf 84' lang='lat' dir='ltr'>fe&#39;ctam</span> <span class='ocrx_word' id='word_1_3' title='bbox 576 527 648 588; x_wconf 84' lang='lat' dir='ltr'>eam</span> <span class='ocrx_word' id='word_1_4' title='bbox 679 522 821 606; x_wconf 85' lang='lat' dir='ltr'>speciem</span> <span class='ocrx_word' id='word_1_5' title='bbox 848 521 932 586; x_wconf 90' lang='lat' dir='ltr'>male</span> <span class='ocrx_word' id='word_1_6' title='bbox 959 521 1185 606; x_wconf 78' lang='lat' dir='ltr'>praevidentes</span> <span class='ocrx_word' id='word_1_7' title='bbox 1215 520 1405 601; x_wconf 90' lang='lat' dir='ltr'>diiudicant,</span> <span class='ocrx_word' id='word_1_8' title='bbox 1439 517 1486 583; x_wconf 89' lang='lat' dir='ltr'>sio</span> <span class='ocrx_word' id='word_1_9' title='bbox 1513 511 1610 584; x_wconf 83' lang='lat' dir='ltr'>etiam</span> <span class='ocrx_word' id='word_1_10' title='bbox 1636 541 1700 605; x_wconf 90' lang='lat' dir='ltr'>per</span> 
     </span>
     <span class='ocr_line' id='line_1_3' title="bbox 428 620 1696 715; baseline -0.003 -19"><span class='ocrx_word' id='word_1_11' title='bbox 428 651 601 714; x_wconf 77' lang='lat' dir='ltr'>excessum,</span> <span class='ocrx_word' id='word_1_12' title='bbox 626 631 691 715; x_wconf 90' lang='lat' dir='ltr'>qui,</span> <span class='ocrx_word' id='word_1_13' title='bbox 715 651 786 695; x_wconf 89' lang='lat' dir='ltr'>curn</span> <span class='ocrx_word' id='word_1_14' title='bbox 802 651 867 695; x_wconf 93' lang='lat' dir='ltr'>uno</span> <span class='ocrx_word' id='word_1_15' title='bbox 882 629 986 714; x_wconf 89' lang='lat' dir='ltr'>possit</span> <span class='ocrx_word' id='word_1_16' title='bbox 1001 629 1147 715; x_wconf 79' lang='lat' dir='ltr'>dignosci</span> <span class='ocrx_word' id='word_1_17' title='bbox 1167 628 1322 713; x_wconf 86' lang='lat' dir='ltr'>perfecta,</span> <span class='ocrx_word' id='word_1_18' title='bbox 1346 628 1433 693; x_wconf 89' lang='lat' dir='ltr'>alind</span> <span class='ocrx_word' id='word_1_19' title='bbox 1455 620 1696 713; x_wconf 79' lang='lat' dir='ltr'>subiungunt*;</span> 
     </span>
     <span class='ocr_line' id='line_1_4' title="bbox 426 730 1697 824; baseline -0.002 -21"><span class='ocrx_word' id='word_1_20' title='bbox 426 743 471 823; x_wconf 90' lang='lat' dir='ltr'>ut,</span> <span class='ocrx_word' id='word_1_21' title='bbox 500 741 527 804; x_wconf 91' lang='lat' dir='ltr'>si</span> <span class='ocrx_word' id='word_1_22' title='bbox 553 739 588 804; x_wconf 93' lang='lat' dir='ltr'>in</span> <span class='ocrx_word' id='word_1_23' title='bbox 615 743 711 803; x_wconf 87' lang='lat' dir='ltr'>cantu</span> <span class='ocrx_word' id='word_1_24' title='bbox 739 759 840 823; x_wconf 91' lang='lat' dir='ltr'>pausa</span> <span class='ocrx_word' id='word_1_25' title='bbox 868 738 985 824; x_wconf 88' lang='lat' dir='ltr'>longae</span> <span class='ocrx_word' id='word_1_26' title='bbox 1008 739 1071 804; x_wconf 89' lang='lat' dir='ltr'>tria</span> <span class='ocrx_word' id='word_1_27' title='bbox 1094 741 1231 821; x_wconf 88' lang='lat' dir='ltr'>occupet</span> <span class='ocrx_word' id='word_1_28' title='bbox 1257 737 1376 820; x_wconf 89' lang='lat' dir='ltr'>spatia,</span> <span class='ocrx_word' id='word_1_29' title='bbox 1413 730 1521 801; x_wconf 81' lang='lat' dir='ltr'>errant</span> <span class='ocrx_word' id='word_1_30' title='bbox 1550 735 1605 820; x_wconf 88' lang='lat' dir='ltr'>qni</span> <span class='ocrx_word' id='word_1_31' title='bbox 1633 736 1697 800; x_wconf 87' lang='lat' dir='ltr'>hoc</span> 
     </span>
     <span class='ocr_line' id='line_1_5' title="bbox 426 837 1696 933; baseline -0.002 -22"><span class='ocrx_word' id='word_1_32' title='bbox 426 847 554 933; x_wconf 81' lang='lat' dir='ltr'>signum</span> <span class='ocrx_word' id='word_1_33' title='bbox 573 843 639 917; x_wconf 83' lang='lat'>02</span> <span class='ocrx_word' id='word_1_34' title='bbox 662 847 850 932; x_wconf 82' lang='lat' dir='ltr'>adiungunt,</span> <span class='ocrx_word' id='word_1_35' title='bbox 875 837 921 910; x_wconf 90' lang='lat' dir='ltr'>sic</span> <span class='ocrx_word' id='word_1_36' title='bbox 938 849 979 928; x_wconf 88' lang='lat' dir='ltr'>et,</span> <span class='ocrx_word' id='word_1_37' title='bbox 996 845 1023 909; x_wconf 90' lang='lat' dir='ltr'>si</span> <span class='ocrx_word' id='word_1_38' title='bbox 1038 866 1158 928; x_wconf 82' lang='lat' dir='ltr'>pausae</span> <span class='ocrx_word' id='word_1_39' title='bbox 1178 845 1296 909; x_wconf 86' lang='lat' dir='ltr'>binae1</span> <span class='ocrx_word' id='word_1_40' title='bbox 1318 842 1584 910; x_wconf 84' lang='lat' dir='ltr'>semibrevisboc</span> <span class='ocrx_word' id='word_1_41' title='bbox 1599 845 1696 909; x_wconf 90' lang='lat' dir='ltr'>modo</span> 
     </span>
     <span class='ocr_line' id='line_1_6' title="bbox 425 951 1695 1038; baseline -0.004 -19"><span class='ocrx_word' id='word_1_42' title='bbox 425 973 519 1030; x_wconf 63' lang='grc' dir='ltr'>’,ΤΞ</span> <span class='ocrx_word' id='word_1_43' title='bbox 541 953 753 1038; x_wconf 73' lang='lat' dir='ltr'>reperiantur,</span> <span class='ocrx_word' id='word_1_44' title='bbox 777 953 936 1038; x_wconf 89' lang='lat' dir='ltr'>superflue</span> <span class='ocrx_word' id='word_1_45' title='bbox 952 953 1083 1037; x_wconf 90' lang='lat' dir='ltr'>ponitur</span> <span class='ocrx_word' id='word_1_46' title='bbox 1097 954 1185 1018; x_wconf 91' lang='lat' dir='ltr'>istud</span> <span class='ocrx_word' id='word_1_47' title='bbox 1211 967 1255 1035; x_wconf 86' lang='lat' dir='ltr'>O,</span> <span class='ocrx_word' id='word_1_48' title='bbox 1279 953 1330 1017; x_wconf 83' lang='lat' dir='ltr'>vel</span> <span class='ocrx_word' id='word_1_49' title='bbox 1346 952 1407 1017; x_wconf 90' lang='lat' dir='ltr'>hoc</span> <span class='ocrx_word' id='word_1_50' title='bbox 1425 968 1468 1034; x_wconf 75' lang='grc' dir='ltr'>Θ,</span> <span class='ocrx_word' id='word_1_51' title='bbox 1493 953 1521 1016; x_wconf 92' lang='lat' dir='ltr'>si</span> <span class='ocrx_word' id='word_1_52' title='bbox 1542 951 1695 1016; x_wconf 86' lang='lat' dir='ltr'>minimae</span> 
     </span>
     <span class='ocr_line' id='line_1_7' title="bbox 426 1065 1696 1151; baseline -0.003 -20"><span class='ocrx_word' id='word_1_53' title='bbox 426 1089 545 1150; x_wconf 88' lang='lat' dir='ltr'>pausae</span> <span class='ocrx_word' id='word_1_54' title='bbox 562 1065 607 1130; x_wconf 89' lang='lat' dir='ltr'>sic</span> <span class='ocrx_word' id='word_1_55' title='bbox 628 1066 839 1151; x_wconf 88' lang='lat' dir='ltr'>disponantur</span> <span class='ocrx_word' id='word_1_56' title='bbox 860 1083 973 1149; x_wconf 65' lang='grc' dir='ltr'>Ξῖ,</span> <span class='ocrx_word' id='word_1_57' title='bbox 997 1065 1137 1129; x_wconf 88' lang='lat' dir='ltr'>maxime</span> <span class='ocrx_word' id='word_1_58' title='bbox 1160 1065 1188 1129; x_wconf 91' lang='lat' dir='ltr'>si</span> <span class='ocrx_word' id='word_1_59' title='bbox 1210 1068 1382 1151; x_wconf 85' lang='lat' dir='ltr'>utrumque</span> <span class='ocrx_word' id='word_1_60' title='bbox 1405 1065 1594 1149; x_wconf 87' lang='lat' dir='ltr'>reperiatur,</span> <span class='ocrx_word' id='word_1_61' title='bbox 1618 1086 1696 1148; x_wconf 93' lang='lat' dir='ltr'>quo-</span> 
     </span>
     <span class='ocr_line' id='line_1_8' title="bbox 426 1175 1696 1262; baseline -0.002 -20"><span class='ocrx_word' id='word_1_62' title='bbox 426 1178 515 1242; x_wconf 87' lang='lat' dir='ltr'>niam</span> <span class='ocrx_word' id='word_1_63' title='bbox 538 1177 633 1244; x_wconf 87' lang='lat' dir='ltr'>aliter</span> <span class='ocrx_word' id='word_1_64' title='bbox 654 1181 765 1262; x_wconf 88' lang='lat' dir='ltr'>posset</span> <span class='ocrx_word' id='word_1_65' title='bbox 788 1177 859 1261; x_wconf 91' lang='lat' dir='ltr'>quis</span> <span class='ocrx_word' id='word_1_66' title='bbox 882 1177 989 1242; x_wconf 88' lang='lat' dir='ltr'>dicere</span> <span class='ocrx_word' id='word_1_67' title='bbox 1013 1177 1053 1241; x_wconf 91' lang='lat' dir='ltr'>ad</span> <span class='ocrx_word' id='word_1_68' title='bbox 1075 1177 1109 1242; x_wconf 95' lang='lat' dir='ltr'>id</span> <span class='ocrx_word' id='word_1_69' title='bbox 1132 1177 1217 1262; x_wconf 92' lang='lat' dir='ltr'>quod</span> <span class='ocrx_word' id='word_1_70' title='bbox 1241 1175 1343 1242; x_wconf 85' lang='lat' dir='ltr'>defuit</span> <span class='ocrx_word' id='word_1_71' title='bbox 1366 1177 1583 1242; x_wconf 87' lang='lat' dir='ltr'>denotandum</span> <span class='ocrx_word' id='word_1_72' title='bbox 1609 1175 1696 1260; x_wconf 91' lang='lat' dir='ltr'>posi-</span> 
     </span>
     <span class='ocr_line' id='line_1_9' title="bbox 426 1279 1193 1371; baseline -0.003 -21"><span class='ocrx_word' id='word_1_73' title='bbox 426 1291 496 1350; x_wconf 92' lang='lat' dir='ltr'>tum</span> <span class='ocrx_word' id='word_1_74' title='bbox 517 1285 673 1351; x_wconf 87' lang='lat' dir='ltr'>fuisse**.</span> <span class='ocrx_word' id='word_1_75' title='bbox 719 1285 807 1350; x_wconf 87' lang='lat' dir='ltr'>Haec</span> <span class='ocrx_word' id='word_1_76' title='bbox 830 1279 870 1351; x_wconf 88' lang='lat' dir='ltr'>de</span> <span class='ocrx_word' id='word_1_77' title='bbox 892 1283 1005 1371; x_wconf 82' lang='lat' dir='ltr'>figuris</span> <span class='ocrx_word' id='word_1_78' title='bbox 1027 1285 1193 1352; x_wconf 89' lang='lat' dir='ltr'>hactenus.</span> 
     </span>
    </p>
   </div>
   <div class='ocr_carea' id='block_1_3' title="bbox 818 1587 1307 1670">
    <p class='ocr_par' dir='ltr' id='par_1_3' title="bbox 818 1587 1307 1670">
     <span class='ocr_line' id='line_1_10' title="bbox 818 1587 1307 1670; baseline 0.006 -13"><span class='ocrx_word' id='word_1_79' title='bbox 818 1587 1061 1670; x_wconf 85' lang='lat' dir='ltr'>capitulum</span> <span class='ocrx_word' id='word_1_80' title='bbox 1093 1592 1307 1670; x_wconf 86' lang='lat' dir='ltr'>quartum.</span> 
     </span>
    </p>
   </div>
   <div class='ocr_carea' id='block_1_4' title="bbox 329 1772 1667 1869">
    <p class='ocr_par' dir='ltr' id='par_1_4' title="bbox 329 1772 1667 1869">
     <span class='ocr_line' id='line_1_11' title="bbox 329 1772 1667 1869; baseline -0.002 -24"><span class='ocrx_word' id='word_1_81' title='bbox 329 1807 336 1815; x_wconf 53' lang='grc'><strong><em>’</em></strong></span> <span class='ocrx_word' id='word_1_82' title='bbox 452 1776 498 1846; x_wconf 93' lang='lat' dir='ltr'>In</span> <span class='ocrx_word' id='word_1_83' title='bbox 526 1799 600 1869; x_wconf 93' lang='lat' dir='ltr'>quo</span> <span class='ocrx_word' id='word_1_84' title='bbox 629 1798 792 1847; x_wconf 87' lang='lat' dir='ltr'>canones</span> <span class='ocrx_word' id='word_1_85' title='bbox 820 1784 859 1846; x_wconf 89' lang='lat' dir='ltr'>ct</span> <span class='ocrx_word' id='word_1_86' title='bbox 885 1774 1181 1868; x_wconf 85' lang='lat' dir='ltr'>subscriptiones</span> <span class='ocrx_word' id='word_1_87' title='bbox 1209 1772 1394 1847; x_wconf 84' lang='lat' dir='ltr'>subtiliter</span> <span class='ocrx_word' id='word_1_88' title='bbox 1422 1773 1667 1846; x_wconf 88' lang='lat' dir='ltr'>declarantur.</span> 
     </span>
    </p>
   </div>
   <div class='ocr_carea' id='block_1_5' title="bbox 427 1957 1695 2092">
    <p class='ocr_par' dir='ltr' id='par_1_5' title="bbox 427 1957 1695 2092">
     <span class='ocr_line' id='line_1_12' title="bbox 427 1957 1695 2092; baseline -0.003 -67"><span class='ocrx_word' id='word_1_89' title='bbox 427 1958 602 2092; x_wconf 78' lang='grc' dir='ltr'>ΤΑΟΙΤΕ</span> <span class='ocrx_word' id='word_1_90' title='bbox 624 1959 949 2042; x_wconf 89' lang='lat' dir='ltr'>praetermittendum</span> <span class='ocrx_word' id='word_1_91' title='bbox 973 1979 1131 2024; x_wconf 78' lang='lat' dir='ltr'>essenon</span> <span class='ocrx_word' id='word_1_92' title='bbox 1155 1959 1303 2040; x_wconf 89' lang='lat' dir='ltr'>arbitror,</span> <span class='ocrx_word' id='word_1_93' title='bbox 1332 1958 1359 2022; x_wconf 93' lang='lat' dir='ltr'>si</span> <span class='ocrx_word' id='word_1_94' title='bbox 1383 1957 1453 2043; x_wconf 90' lang='lat' dir='ltr'>quis</span> <span class='ocrx_word' id='word_1_95' title='bbox 1477 1961 1588 2023; x_wconf 87' lang='lat' dir='ltr'>auctor</span> <span class='ocrx_word' id='word_1_96' title='bbox 1616 1957 1695 2022; x_wconf 90' lang='lat' dir='ltr'>velit</span> 
     </span>
    </p>
   </div>
   <div class='ocr_carea' id='block_1_6' title="bbox 426 2066 1695 2257">
    <p class='ocr_par' dir='ltr' id='par_1_6' title="bbox 426 2066 1695 2257">
     <span class='ocr_line' id='line_1_13' title="bbox 488 2066 1694 2151; baseline -0.002 -19"><span class='ocrx_word' id='word_1_97' title='bbox 488 2067 547 2132; x_wconf 90' lang='lat' dir='ltr'>sub</span> <span class='ocrx_word' id='word_1_98' title='bbox 571 2070 682 2151; x_wconf 90' lang='lat' dir='ltr'>cantu,</span> <span class='ocrx_word' id='word_1_99' title='bbox 711 2089 770 2150; x_wconf 88' lang='lat' dir='ltr'>per</span> <span class='ocrx_word' id='word_1_100' title='bbox 793 2067 878 2151; x_wconf 92' lang='lat' dir='ltr'>quod</span> <span class='ocrx_word' id='word_1_101' title='bbox 899 2066 1079 2151; x_wconf 82' lang='lat' dir='ltr'>perlectum</span> <span class='ocrx_word' id='word_1_102' title='bbox 1102 2072 1158 2132; x_wconf 91' lang='lat' dir='ltr'>aut</span> <span class='ocrx_word' id='word_1_103' title='bbox 1179 2067 1405 2150; x_wconf 87' lang='lat' dir='ltr'>imperfectum</span> <span class='ocrx_word' id='word_1_104' title='bbox 1429 2066 1481 2130; x_wconf 87' lang='lat' dir='ltr'>vel</span> <span class='ocrx_word' id='word_1_105' title='bbox 1503 2067 1694 2131; x_wconf 91' lang='lat' dir='ltr'>diminutum</span> 
     </span>
     <span class='ocr_line' id='line_1_14' title="bbox 426 2169 1695 2257; baseline -0.002 -21"><span class='ocrx_word' id='word_1_106' title='bbox 426 2170 529 2255; x_wconf 89' lang='lat' dir='ltr'>possit</span> <span class='ocrx_word' id='word_1_107' title='bbox 551 2172 620 2235; x_wconf 89' lang='lat' dir='ltr'>sine</span> <span class='ocrx_word' id='word_1_108' title='bbox 644 2171 753 2254; x_wconf 90' lang='lat' dir='ltr'>aliquo</span> <span class='ocrx_word' id='word_1_109' title='bbox 776 2171 870 2257; x_wconf 85' lang='lat' dir='ltr'>signo</span> <span class='ocrx_word' id='word_1_110' title='bbox 895 2170 1050 2256; x_wconf 84' lang='lat' dir='ltr'>dignosci,</span> <span class='ocrx_word' id='word_1_111' title='bbox 1080 2171 1203 2255; x_wconf 89' lang='lat' dir='ltr'>aliquid</span> <span class='ocrx_word' id='word_1_112' title='bbox 1225 2171 1428 2236; x_wconf 85' lang='lat' dir='ltr'>subscribere</span> <span class='ocrx_word' id='word_1_113' title='bbox 1451 2169 1504 2235; x_wconf 83' lang='lat' dir='ltr'>vel</span> <span class='ocrx_word' id='word_1_114' title='bbox 1533 2170 1638 2253; x_wconf 90' lang='lat' dir='ltr'>etiam,</span> <span class='ocrx_word' id='word_1_115' title='bbox 1668 2171 1695 2234; x_wconf 90' lang='lat' dir='ltr'>si</span> 
     </span>
    </p>
   </div>
   <div class='ocr_carea' id='block_1_7' title="bbox 426 2278 1696 2795">
    <p class='ocr_par' dir='ltr' id='par_1_7' title="bbox 426 2278 1696 2795">
     <span class='ocr_line' id='line_1_15' title="bbox 427 2278 1695 2364; baseline 0 -22"><span class='ocrx_word' id='word_1_116' title='bbox 427 2279 522 2344; x_wconf 91' lang='lat' dir='ltr'>aliter</span> <span class='ocrx_word' id='word_1_117' title='bbox 544 2278 708 2363; x_wconf 77' lang='lat' dir='ltr'>signatum</span> <span class='ocrx_word' id='word_1_118' title='bbox 729 2278 829 2344; x_wconf 87' lang='lat' dir='ltr'>fuerit</span> <span class='ocrx_word' id='word_1_119' title='bbox 850 2302 909 2364; x_wconf 91' lang='lat' dir='ltr'>per</span> <span class='ocrx_word' id='word_1_120' title='bbox 931 2301 1088 2344; x_wconf 89' lang='lat' dir='ltr'>canonem</span> <span class='ocrx_word' id='word_1_121' title='bbox 1111 2285 1167 2344; x_wconf 90' lang='lat' dir='ltr'>aut</span> <span class='ocrx_word' id='word_1_122' title='bbox 1190 2279 1470 2363; x_wconf 86' lang='lat' dir='ltr'>subscriptionem,</span> <span class='ocrx_word' id='word_1_123' title='bbox 1499 2280 1695 2345; x_wconf 88' lang='lat' dir='ltr'>contrarium</span> 
     </span>
     <span class='ocr_line' id='line_1_16' title="bbox 427 2386 1696 2471; baseline -0.002 -19"><span class='ocrx_word' id='word_1_124' title='bbox 427 2389 578 2452; x_wconf 87' lang='lat' dir='ltr'>ediscere.</span> <span class='ocrx_word' id='word_1_125' title='bbox 625 2386 753 2452; x_wconf 88' lang='lat' dir='ltr'>Dicitur</span> <span class='ocrx_word' id='word_1_126' title='bbox 776 2387 862 2451; x_wconf 88' lang='lat' dir='ltr'>enim</span> <span class='ocrx_word' id='word_1_127' title='bbox 884 2387 1088 2471; x_wconf 89' lang='lat' dir='ltr'>subscriptio,</span> <span class='ocrx_word' id='word_1_128' title='bbox 1119 2388 1194 2471; x_wconf 91' lang='lat' dir='ltr'>quia</span> <span class='ocrx_word' id='word_1_129' title='bbox 1217 2409 1344 2471; x_wconf 90' lang='lat' dir='ltr'>semper</span> <span class='ocrx_word' id='word_1_130' title='bbox 1367 2386 1426 2451; x_wconf 94' lang='lat' dir='ltr'>sub</span> <span class='ocrx_word' id='word_1_131' title='bbox 1449 2391 1561 2451; x_wconf 88' lang='lat' dir='ltr'>tenore</span> <span class='ocrx_word' id='word_1_132' title='bbox 1585 2386 1696 2451; x_wconf 89' lang='lat' dir='ltr'>scribi-</span> 
     </span>
     <span class='ocr_line' id='line_1_17' title="bbox 427 2495 1695 2581; baseline -0.002 -22"><span class='ocrx_word' id='word_1_133' title='bbox 427 2500 489 2578; x_wconf 90' lang='lat' dir='ltr'>tur,</span> <span class='ocrx_word' id='word_1_134' title='bbox 513 2517 617 2561; x_wconf 90' lang='lat' dir='ltr'>canon</span> <span class='ocrx_word' id='word_1_135' title='bbox 632 2516 717 2576; x_wconf 91' lang='lat' dir='ltr'>vero,</span> <span class='ocrx_word' id='word_1_136' title='bbox 743 2495 818 2578; x_wconf 90' lang='lat' dir='ltr'>quia</span> <span class='ocrx_word' id='word_1_137' title='bbox 842 2498 891 2558; x_wconf 88' lang='lat' dir='ltr'>est</span> <span class='ocrx_word' id='word_1_138' title='bbox 914 2496 1071 2578; x_wconf 89' lang='lat' dir='ltr'>quaedam</span> <span class='ocrx_word' id='word_1_139' title='bbox 1094 2495 1207 2581; x_wconf 85' lang='lat' dir='ltr'>regula</span> <span class='ocrx_word' id='word_1_140' title='bbox 1230 2497 1301 2580; x_wconf 83' lang='lat' dir='ltr'>(pag.</span> <span class='ocrx_word' id='word_1_141' title='bbox 1320 2498 1362 2576; x_wconf 77' lang='lat'>73)</span> <span class='ocrx_word' id='word_1_142' title='bbox 1386 2495 1585 2560; x_wconf 86' lang='lat' dir='ltr'>voluntatem</span> <span class='ocrx_word' id='word_1_143' title='bbox 1609 2516 1695 2558; x_wconf 90' lang='lat' dir='ltr'>oom-</span> 
     </span>
     <span class='ocr_line' id='line_1_18' title="bbox 426 2602 1692 2688; baseline -0.002 -21"><span class='ocrx_word' id='word_1_144' title='bbox 426 2603 577 2687; x_wconf 89' lang='lat' dir='ltr'>ponentis</span> <span class='ocrx_word' id='word_1_145' title='bbox 593 2602 653 2666; x_wconf 91' lang='lat' dir='ltr'>sub</span> <span class='ocrx_word' id='word_1_146' title='bbox 670 2602 807 2686; x_wconf 88' lang='lat' dir='ltr'>quadam</span> <span class='ocrx_word' id='word_1_147' title='bbox 824 2602 1037 2688; x_wconf 84' lang='lat' dir='ltr'>ambiguitate</span> <span class='ocrx_word' id='word_1_148' title='bbox 1061 2602 1196 2668; x_wconf 87' lang='lat' dir='ltr'>obscure</span> <span class='ocrx_word' id='word_1_149' title='bbox 1221 2608 1253 2667; x_wconf 91' lang='lat' dir='ltr'>et</span> <span class='ocrx_word' id='word_1_150' title='bbox 1274 2603 1308 2667; x_wconf 93' lang='lat' dir='ltr'>in</span> <span class='ocrx_word' id='word_1_151' title='bbox 1333 2602 1494 2688; x_wconf 79' lang='lat' dir='ltr'>enigmate</span> <span class='ocrx_word' id='word_1_152' title='bbox 1518 2602 1692 2684; x_wconf 89' lang='lat' dir='ltr'>insinuans,</span> 
     </span>
     <span class='ocr_line' id='line_1_19' title="bbox 426 2710 1695 2795; baseline -0.002 -21"><span class='ocrx_word' id='word_1_153' title='bbox 426 2715 463 2774; x_wconf 91' lang='lat' dir='ltr'>ut</span> <span class='ocrx_word' id='word_1_154' title='bbox 483 2711 520 2775; x_wconf 91' lang='lat' dir='ltr'>in</span> <span class='ocrx_word' id='word_1_155' title='bbox 541 2711 641 2775; x_wconf 91' lang='lat' dir='ltr'>missa</span> <span class='ocrx_word' id='word_1_156' title='bbox 664 2710 705 2774; x_wconf 80' lang='lat' dir='ltr'>Se</span> <span class='ocrx_word' id='word_1_157' title='bbox 727 2712 759 2774; x_wconf 77' lang='lat' dir='ltr'>lo</span> <span class='ocrx_word' id='word_1_158' title='bbox 779 2711 850 2794; x_wconf 81' lang='lat' dir='ltr'>foce</span> <span class='ocrx_word' id='word_1_159' title='bbox 873 2732 915 2794; x_wconf 76' lang='lat' dir='ltr'>oy</span> <span class='ocrx_word' id='word_1_160' title='bbox 932 2712 1016 2795; x_wconf 84' lang='lat' dir='ltr'>pale,</span> <span class='ocrx_word' id='word_1_161' title='bbox 1044 2711 1101 2775; x_wconf 93' lang='lat' dir='ltr'>ubi</span> <span class='ocrx_word' id='word_1_162' title='bbox 1123 2711 1255 2795; x_wconf 91' lang='lat' dir='ltr'>ponitur</span> <span class='ocrx_word' id='word_1_163' title='bbox 1282 2711 1402 2776; x_wconf 79' lang='lat' dir='ltr'>Crescit</span> <span class='ocrx_word' id='word_1_164' title='bbox 1426 2712 1465 2774; x_wconf 79' lang='lat' dir='ltr'>irc</span> <span class='ocrx_word' id='word_1_165' title='bbox 1493 2711 1586 2794; x_wconf 68' lang='lat' dir='ltr'>tarpio</span> <span class='ocrx_word' id='word_1_166' title='bbox 1608 2715 1639 2774; x_wconf 81' lang='lat' dir='ltr'>et</span> <span class='ocrx_word' id='word_1_167' title='bbox 1658 2711 1695 2772; x_wconf 76' lang='lat' dir='ltr'>irc</span> 
     </span>
    </p>
   </div>
   <div class='ocr_carea' id='block_1_8' title="bbox 426 2816 1696 3010">
    <p class='ocr_par' dir='ltr' id='par_1_8' title="bbox 426 2816 1696 3010">
     <span class='ocr_line' id='line_1_20' title="bbox 426 2816 1696 2902; baseline -0.001 -21"><span class='ocrx_word' id='word_1_168' title='bbox 426 2819 521 2902; x_wconf 76' lang='lat' dir='ltr'>drcplo</span> <span class='ocrx_word' id='word_1_169' title='bbox 543 2823 574 2882; x_wconf 79' lang='lat' dir='ltr'>et</span> <span class='ocrx_word' id='word_1_170' title='bbox 593 2823 634 2882; x_wconf 80' lang='lat' dir='ltr'>ut</span> <span class='ocrx_word' id='word_1_171' title='bbox 653 2818 761 2882; x_wconf 57' lang='lat' dir='ltr'>tacete</span> <span class='ocrx_word' id='word_1_172' title='bbox 801 2816 1001 2902; x_wconf 77' lang='lat' dir='ltr'>Quandoque</span> <span class='ocrx_word' id='word_1_173' title='bbox 1024 2819 1122 2882; x_wconf 88' lang='lat' dir='ltr'>etiam</span> <span class='ocrx_word' id='word_1_174' title='bbox 1145 2841 1248 2884; x_wconf 87' lang='lat' dir='ltr'>canon</span> <span class='ocrx_word' id='word_1_175' title='bbox 1271 2819 1366 2884; x_wconf 90' lang='lat' dir='ltr'>docet</span> <span class='ocrx_word' id='word_1_176' title='bbox 1387 2823 1518 2882; x_wconf 87' lang='lat' dir='ltr'>cantare</span> <span class='ocrx_word' id='word_1_177' title='bbox 1541 2840 1598 2901; x_wconf 91' lang='lat' dir='ltr'>per</span> <span class='ocrx_word' id='word_1_178' title='bbox 1621 2839 1696 2882; x_wconf 91' lang='lat' dir='ltr'>con-</span> 
     </span>
     <span class='ocr_line' id='line_1_21' title="bbox 427 2909 1694 3010; baseline 0 -21"><span class='ocrx_word' id='word_1_179' title='bbox 427 2926 575 3004; x_wconf 91' lang='lat' dir='ltr'>trarium;</span> <span class='ocrx_word' id='word_1_180' title='bbox 605 2925 798 3009; x_wconf 88' lang='lat' dir='ltr'>incipientes</span> <span class='ocrx_word' id='word_1_181' title='bbox 822 2949 841 2988; x_wconf 88' lang='lat' dir='ltr'>a</span> <span class='ocrx_word' id='word_1_182' title='bbox 863 2925 926 2990; x_wconf 89' lang='lat' dir='ltr'>fine</span> <span class='ocrx_word' id='word_1_183' title='bbox 954 2927 989 2990; x_wconf 90' lang='lat' dir='ltr'>in</span> <span class='ocrx_word' id='word_1_184' title='bbox 1015 2927 1175 3010; x_wconf 89' lang='lat' dir='ltr'>principio</span> <span class='ocrx_word' id='word_1_185' title='bbox 1201 2925 1326 3010; x_wconf 90' lang='lat' dir='ltr'>finiunt,</span> <span class='ocrx_word' id='word_1_186' title='bbox 1348 2909 1390 2991; x_wconf 90' lang='lat' dir='ltr'>ut</span> <span class='ocrx_word' id='word_1_187' title='bbox 1416 2926 1495 2991; x_wconf 86' lang='lat' dir='ltr'>fecit</span> <span class='ocrx_word' id='word_1_188' title='bbox 1517 2925 1694 2992; x_wconf 91' lang='lat' dir='ltr'>Busnois:</span> 
     </span>
    </p>
   </div>
   <div class='ocr_carea' id='block_1_9' title="bbox 426 3032 1696 3221">
    <p class='ocr_par' dir='ltr' id='par_1_9' title="bbox 426 3032 1696 3221">
     <span class='ocr_line' id='line_1_22' title="bbox 432 3032 1695 3117; baseline 0.001 -21"><span class='ocrx_word' id='word_1_189' title='bbox 432 3032 498 3097; x_wconf 77' lang='lat' dir='ltr'>Ubi</span> <span class='ocrx_word' id='word_1_190' title='bbox 520 3058 541 3097; x_wconf 88' lang='grc' dir='ltr'>α</span> <span class='ocrx_word' id='word_1_191' title='bbox 563 3033 609 3096; x_wconf 78' lang='lat' dir='ltr'>ibi</span> <span class='ocrx_word' id='word_1_192' title='bbox 631 3037 678 3096; x_wconf 76' lang='grc' dir='ltr'>ω3</span> <span class='ocrx_word' id='word_1_193' title='bbox 700 3038 731 3096; x_wconf 81' lang='lat' dir='ltr'>et</span> <span class='ocrx_word' id='word_1_194' title='bbox 750 3033 808 3096; x_wconf 72' lang='lat' dir='ltr'>obi</span> <span class='ocrx_word' id='word_1_195' title='bbox 829 3058 855 3096; x_wconf 85' lang='grc' dir='ltr'>ω</span> <span class='ocrx_word' id='word_1_196' title='bbox 886 3035 967 3117; x_wconf 73' lang='lat' dir='ltr'>pinis</span> <span class='ocrx_word' id='word_1_197' title='bbox 993 3040 1065 3098; x_wconf 81' lang='lat' dir='ltr'>estc.</span> <span class='ocrx_word' id='word_1_198' title='bbox 1110 3033 1241 3099; x_wconf 84' lang='lat' dir='ltr'>Etenim</span> <span class='ocrx_word' id='word_1_199' title='bbox 1269 3057 1328 3098; x_wconf 92' lang='lat' dir='ltr'>nos</span> <span class='ocrx_word' id='word_1_200' title='bbox 1356 3034 1460 3099; x_wconf 89' lang='lat' dir='ltr'>simile</span> <span class='ocrx_word' id='word_1_201' title='bbox 1488 3032 1695 3098; x_wconf 87' lang='lat' dir='ltr'>clandestinis</span> 
     </span>
     <span class='ocr_line' id='line_1_23' title="bbox 426 3135 1696 3221; baseline 0.002 -22"><span class='ocrx_word' id='word_1_202' title='bbox 426 3135 533 3200; x_wconf 90' lang='lat' dir='ltr'>verbis</span> <span class='ocrx_word' id='word_1_203' title='bbox 554 3137 590 3199; x_wconf 91' lang='lat' dir='ltr'>in</span> <span class='ocrx_word' id='word_1_204' title='bbox 613 3136 751 3221; x_wconf 91' lang='lat' dir='ltr'>quodam</span> <span class='ocrx_word' id='word_1_205' title='bbox 774 3137 915 3201; x_wconf 89' lang='lat' dir='ltr'>carmine</span> <span class='ocrx_word' id='word_1_206' title='bbox 938 3139 1104 3220; x_wconf 90' lang='lat' dir='ltr'>posuimus</span> <span class='ocrx_word' id='word_1_207' title='bbox 1128 3137 1284 3203; x_wconf 88' lang='lat' dir='ltr'>dicentes:</span> <span class='ocrx_word' id='word_1_208' title='bbox 1313 3139 1357 3201; x_wconf 81' lang='lat' dir='ltr'>In</span> <span class='ocrx_word' id='word_1_209' title='bbox 1378 3160 1449 3202; x_wconf 78' lang='lat' dir='ltr'>voce</span> <span class='ocrx_word' id='word_1_210' title='bbox 1470 3159 1557 3221; x_wconf 80' lang='lat' dir='ltr'>quoe</span> <span class='ocrx_word' id='word_1_211' title='bbox 1578 3138 1696 3201; x_wconf 80' lang='lat' dir='ltr'>dicitur</span> 
     </span>
    </p>
   </div>
   <div class='ocr_carea' id='block_1_10' title="bbox 425 3244 1696 3761">
    <p class='ocr_par' dir='ltr' id='par_1_10' title="bbox 425 3244 1696 3654">
     <span class='ocr_line' id='line_1_24' title="bbox 426 3244 1696 3328; baseline 0.002 -20"><span class='ocrx_word' id='word_1_212' title='bbox 426 3249 546 3326; x_wconf 75' lang='lat' dir='ltr'>ueratro,</span> <span class='ocrx_word' id='word_1_213' title='bbox 575 3249 688 3308; x_wconf 76' lang='lat' dir='ltr'>matra</span> <span class='ocrx_word' id='word_1_214' title='bbox 708 3246 755 3308; x_wconf 79' lang='lat' dir='ltr'>sic</span> <span class='ocrx_word' id='word_1_215' title='bbox 776 3246 916 3310; x_wconf 72' lang='lat' dir='ltr'>comitur.</span> <span class='ocrx_word' id='word_1_216' title='bbox 963 3244 1094 3310; x_wconf 81' lang='lat' dir='ltr'>Oenone</span> <span class='ocrx_word' id='word_1_217' title='bbox 1117 3251 1261 3310; x_wconf 88' lang='lat' dir='ltr'>mutatur</span> <span class='ocrx_word' id='word_1_218' title='bbox 1289 3247 1387 3310; x_wconf 89' lang='lat' dir='ltr'>etiam</span> <span class='ocrx_word' id='word_1_219' title='bbox 1415 3246 1515 3328; x_wconf 88' lang='lat' dir='ltr'>locus,</span> <span class='ocrx_word' id='word_1_220' title='bbox 1543 3249 1579 3309; x_wconf 93' lang='lat' dir='ltr'>ut</span> <span class='ocrx_word' id='word_1_221' title='bbox 1601 3247 1696 3310; x_wconf 88' lang='lat' dir='ltr'>Bus-</span> 
     </span>
     <span class='ocr_line' id='line_1_25' title="bbox 425 3351 1695 3438; baseline 0.001 -24"><span class='ocrx_word' id='word_1_222' title='bbox 425 3352 523 3415; x_wconf 91' lang='lat' dir='ltr'>nois:</span> <span class='ocrx_word' id='word_1_223' title='bbox 551 3351 600 3415; x_wconf 85' lang='lat' dir='ltr'>Ne</span> <span class='ocrx_word' id='word_1_224' title='bbox 622 3353 740 3416; x_wconf 76' lang='lat' dir='ltr'>sortitas</span> <span class='ocrx_word' id='word_1_225' title='bbox 761 3353 934 3436; x_wconf 71' lang='lat' dir='ltr'>cocosates,</span> <span class='ocrx_word' id='word_1_226' title='bbox 962 3359 1071 3417; x_wconf 77' lang='lat' dir='ltr'>sumc4</span> <span class='ocrx_word' id='word_1_227' title='bbox 1093 3355 1235 3418; x_wconf 74' lang='lat' dir='ltr'>lichanm</span> <span class='ocrx_word' id='word_1_228' title='bbox 1264 3355 1415 3438; x_wconf 75' lang='lat' dir='ltr'>hypaton.</span> <span class='ocrx_word' id='word_1_229' title='bbox 1461 3352 1582 3417; x_wconf 87' lang='lat' dir='ltr'>Notula</span> <span class='ocrx_word' id='word_1_230' title='bbox 1611 3353 1695 3417; x_wconf 90' lang='lat' dir='ltr'>enim</span> 
     </span>
     <span class='ocr_line' id='line_1_26' title="bbox 425 3458 1696 3544; baseline 0.002 -22"><span class='ocrx_word' id='word_1_231' title='bbox 425 3459 530 3543; x_wconf 90' lang='lat' dir='ltr'>prima</span> <span class='ocrx_word' id='word_1_232' title='bbox 558 3463 608 3524; x_wconf 87' lang='lat' dir='ltr'>est</span> <span class='ocrx_word' id='word_1_233' title='bbox 633 3458 668 3524; x_wconf 92' lang='lat' dir='ltr'>in</span> <span class='ocrx_word' id='word_1_234' title='bbox 691 3481 721 3544; x_wconf 75' lang='lat'>9,</span> <span class='ocrx_word' id='word_1_235' title='bbox 756 3483 838 3544; x_wconf 88' lang='lat' dir='ltr'>quae</span> <span class='ocrx_word' id='word_1_236' title='bbox 867 3460 1014 3525; x_wconf 89' lang='lat' dir='ltr'>lichanos</span> <span class='ocrx_word' id='word_1_237' title='bbox 1042 3467 1091 3526; x_wconf 84' lang='lat' dir='ltr'>est</span> <span class='ocrx_word' id='word_1_238' title='bbox 1118 3484 1245 3543; x_wconf 87' lang='lat' dir='ltr'>meson,</span> <span class='ocrx_word' id='word_1_239' title='bbox 1277 3467 1309 3526; x_wconf 91' lang='lat' dir='ltr'>et</span> <span class='ocrx_word' id='word_1_240' title='bbox 1337 3466 1447 3526; x_wconf 90' lang='lat' dir='ltr'>tamen</span> <span class='ocrx_word' id='word_1_241' title='bbox 1476 3481 1579 3528; x_wconf 88' lang='lat' dir='ltr'>canon</span> <span class='ocrx_word' id='word_1_242' title='bbox 1605 3460 1696 3544; x_wconf 91' lang='lat' dir='ltr'>ponit</span> 
     </span>
     <span class='ocr_line' id='line_1_27' title="bbox 425 3566 1232 3654; baseline 0.004 -24"><span class='ocrx_word' id='word_1_243' title='bbox 425 3567 517 3631; x_wconf 90' lang='lat' dir='ltr'>illam</span> <span class='ocrx_word' id='word_1_244' title='bbox 538 3566 573 3630; x_wconf 93' lang='lat' dir='ltr'>in</span> <span class='ocrx_word' id='word_1_245' title='bbox 595 3569 624 3649; x_wconf 85' lang='lat' dir='ltr'>d,</span> <span class='ocrx_word' id='word_1_246' title='bbox 649 3569 704 3651; x_wconf 90' lang='lat' dir='ltr'>qui</span> <span class='ocrx_word' id='word_1_247' title='bbox 726 3568 817 3633; x_wconf 89' lang='lat' dir='ltr'>locus</span> <span class='ocrx_word' id='word_1_248' title='bbox 841 3573 890 3634; x_wconf 88' lang='lat' dir='ltr'>est</span> <span class='ocrx_word' id='word_1_249' title='bbox 912 3568 1057 3633; x_wconf 89' lang='lat' dir='ltr'>lichanos</span> <span class='ocrx_word' id='word_1_250' title='bbox 1080 3569 1232 3654; x_wconf 83' lang='lat' dir='ltr'>hypaton.</span> 
     </span>
    </p>

    <p class='ocr_par' dir='ltr' id='par_1_11' title="bbox 511 3674 1696 3761">
     <span class='ocr_line' id='line_1_28' title="bbox 511 3674 1696 3761; baseline 0.002 -23"><span class='ocrx_word' id='word_1_251' title='bbox 511 3674 655 3738; x_wconf 87' lang='lat' dir='ltr'>Mutatur</span> <span class='ocrx_word' id='word_1_252' title='bbox 678 3676 776 3739; x_wconf 88' lang='lat' dir='ltr'>etiam</span> <span class='ocrx_word' id='word_1_253' title='bbox 798 3697 920 3741; x_wconf 86' lang='lat' dir='ltr'>canone</span> <span class='ocrx_word' id='word_1_254' title='bbox 944 3677 1058 3741; x_wconf 89' lang='lat' dir='ltr'>modus</span> <span class='ocrx_word' id='word_1_255' title='bbox 1080 3677 1285 3761; x_wconf 88' lang='lat' dir='ltr'>procedendi,</span> <span class='ocrx_word' id='word_1_256' title='bbox 1316 3682 1352 3741; x_wconf 93' lang='lat' dir='ltr'>ut</span> <span class='ocrx_word' id='word_1_257' title='bbox 1375 3681 1510 3761; x_wconf 91' lang='lat' dir='ltr'>tantum,</span> <span class='ocrx_word' id='word_1_258' title='bbox 1542 3680 1696 3760; x_wconf 90' lang='lat' dir='ltr'>quantum</span> 
     </span>
    </p>
   </div>
   <div class='ocr_carea' id='block_1_11' title="bbox 425 3853 1696 4704">
    <p class='ocr_par' dir='ltr' id='par_1_12' title="bbox 516 3853 757 3922">
     <span class='ocr_line' id='line_1_29' title="bbox 516 3853 757 3922; baseline 0.004 -14"><span class='ocrx_word' id='word_1_259' title='bbox 516 3857 523 3892; x_wconf 83' lang='lat'><strong>¹</strong></span> <span class='ocrx_word' id='word_1_260' title='bbox 542 3871 647 3922; x_wconf 87' lang='lat' dir='ltr'>pausas</span> <span class='ocrx_word' id='word_1_261' title='bbox 665 3853 757 3909; x_wconf 86' lang='lat' dir='ltr'>binas.</span> 
     </span>
    </p>

    <p class='ocr_par' dir='ltr' id='par_1_13' title="bbox 512 3940 1592 4010">
     <span class='ocr_line' id='line_1_30' title="bbox 512 3940 1592 4010; baseline 0 -16"><span class='ocrx_word' id='word_1_262' title='bbox 512 3940 606 4010; x_wconf 78' lang='lat' dir='ltr'>2vgr.</span> <span class='ocrx_word' id='word_1_263' title='bbox 625 3941 884 4008; x_wconf 67' lang='lat' dir='ltr'>Adlerlloller,</span> <span class='ocrx_word' id='word_1_264' title='bbox 905 3942 985 3996; x_wconf 81' lang='lat' dir='ltr'>Sechs</span> <span class='ocrx_word' id='word_1_265' title='bbox 1005 3942 1125 3996; x_wconf 74' lang='lat' dir='ltr'>Trimter</span> <span class='ocrx_word' id='word_1_266' title='bbox 1147 3943 1254 3998; x_wconf 74' lang='lat' dir='ltr'>Codices</span> <span class='ocrx_word' id='word_1_267' title='bbox 1276 3942 1370 4010; x_wconf 88' lang='lat' dir='ltr'>(Wien</span> <span class='ocrx_word' id='word_1_268' title='bbox 1388 3941 1473 4008; x_wconf 71' lang='lat'>1900),</span> <span class='ocrx_word' id='word_1_269' title='bbox 1493 3941 1519 3996; x_wconf 84' lang='lat' dir='ltr'>S.</span> <span class='ocrx_word' id='word_1_270' title='bbox 1533 3941 1592 3996; x_wconf 79' lang='lat'><strong>278.</strong></span> 
     </span>
    </p>

    <p class='ocr_par' dir='ltr' id='par_1_14' title="bbox 514 4027 925 4082">
     <span class='ocr_line' id='line_1_31' title="bbox 514 4027 925 4082; baseline 0 -2"><span class='ocrx_word' id='word_1_271' title='bbox 514 4027 568 4080; x_wconf 78' lang='lat'>³0.</span> <span class='ocrx_word' id='word_1_272' title='bbox 778 4030 789 4064; x_wconf 92' lang='lat'><strong>⁴</strong></span> <span class='ocrx_word' id='word_1_273' title='bbox 807 4045 925 4082; x_wconf 87' lang='lat' dir='ltr'>summe.</span> 
     </span>
    </p>

    <p class='ocr_par' dir='ltr' id='par_1_15' title="bbox 426 4112 1696 4350">
     <span class='ocr_line' id='line_1_32' title="bbox 513 4112 1695 4185; baseline 0.003 -20"><span class='ocrx_word' id='word_1_274' title='bbox 513 4113 528 4147; x_wconf 71' lang='lat'>²⁸</span> <span class='ocrx_word' id='word_1_275' title='bbox 547 4112 603 4166; x_wconf 92' lang='lat' dir='ltr'>Hic</span> <span class='ocrx_word' id='word_1_276' title='bbox 621 4116 700 4167; x_wconf 87' lang='lat' dir='ltr'>recte</span> <span class='ocrx_word' id='word_1_277' title='bbox 716 4113 806 4167; x_wconf 87' lang='lat' dir='ltr'>sentit</span> <span class='ocrx_word' id='word_1_278' title='bbox 820 4117 850 4168; x_wconf 86' lang='lat' dir='ltr'>et</span> <span class='ocrx_word' id='word_1_279' title='bbox 862 4115 959 4169; x_wconf 90' lang='lat' dir='ltr'>sanius</span> <span class='ocrx_word' id='word_1_280' title='bbox 973 4132 1059 4183; x_wconf 88' lang='lat' dir='ltr'>quam</span> <span class='ocrx_word' id='word_1_281' title='bbox 1072 4133 1166 4185; x_wconf 88' lang='lat' dir='ltr'>supra,</span> <span class='ocrx_word' id='word_1_282' title='bbox 1181 4116 1230 4172; x_wconf 90' lang='lat' dir='ltr'>ubi</span> <span class='ocrx_word' id='word_1_283' title='bbox 1243 4119 1301 4171; x_wconf 89' lang='lat' dir='ltr'>tres</span> <span class='ocrx_word' id='word_1_284' title='bbox 1315 4115 1403 4170; x_wconf 89' lang='lat' dir='ltr'>trium</span> <span class='ocrx_word' id='word_1_285' title='bbox 1415 4120 1578 4185; x_wconf 89' lang='lat' dir='ltr'>temporum</span> <span class='ocrx_word' id='word_1_286' title='bbox 1590 4133 1695 4185; x_wconf 82' lang='lat' dir='ltr'>pausas</span> 
     </span>
     <span class='ocr_line' id='line_1_33' title="bbox 426 4197 1696 4269; baseline 0.002 -17"><span class='ocrx_word' id='word_1_287' title='bbox 426 4197 510 4266; x_wconf 90' lang='lat' dir='ltr'>ponit</span> <span class='ocrx_word' id='word_1_288' title='bbox 522 4215 574 4267; x_wconf 88' lang='lat' dir='ltr'>pro</span> <span class='ocrx_word' id='word_1_289' title='bbox 588 4197 672 4268; x_wconf 82' lang='lat' dir='ltr'>signo</span> <span class='ocrx_word' id='word_1_290' title='bbox 685 4199 764 4254; x_wconf 90' lang='lat' dir='ltr'>modi</span> <span class='ocrx_word' id='word_1_291' title='bbox 776 4199 894 4255; x_wconf 88' lang='lat' dir='ltr'>minoris</span> <span class='ocrx_word' id='word_1_292' title='bbox 907 4201 1038 4269; x_wconf 81' lang='lat' dir='ltr'>perfecti.</span> <span class='ocrx_word' id='word_1_293' title='bbox 1070 4201 1149 4267; x_wconf 86' lang='lat' dir='ltr'>(Hier</span> <span class='ocrx_word' id='word_1_294' title='bbox 1160 4202 1214 4257; x_wconf 83' lang='lat' dir='ltr'>irrt</span> <span class='ocrx_word' id='word_1_295' title='bbox 1233 4201 1408 4269; x_wconf 85' lang='lat' dir='ltr'>Gafurius,</span> <span class='ocrx_word' id='word_1_296' title='bbox 1426 4201 1480 4256; x_wconf 84' lang='lat' dir='ltr'>wie</span> <span class='ocrx_word' id='word_1_297' title='bbox 1500 4219 1551 4256; x_wconf 89' lang='lat' dir='ltr'>aus</span> <span class='ocrx_word' id='word_1_298' title='bbox 1572 4201 1598 4256; x_wconf 87' lang='lat' dir='ltr'>S.</span> <span class='ocrx_word' id='word_1_299' title='bbox 1610 4201 1645 4256; x_wconf 89' lang='lat'>86</span> <span class='ocrx_word' id='word_1_300' title='bbox 1663 4218 1696 4254; x_wconf 88' lang='lat' dir='ltr'>zu</span> 
     </span>
     <span class='ocr_line' id='line_1_34' title="bbox 428 4284 622 4350; baseline 0 -13"><span class='ocrx_word' id='word_1_301' title='bbox 428 4284 549 4339; x_wconf 88' lang='lat' dir='ltr'>ersehen</span> <span class='ocrx_word' id='word_1_302' title='bbox 566 4285 622 4350; x_wconf 86' lang='lat' dir='ltr'>ist.)</span> 
     </span>
    </p>

    <p class='ocr_par' dir='ltr' id='par_1_16' title="bbox 425 4369 1696 4704">
     <span class='ocr_line' id='line_1_35' title="bbox 513 4369 1696 4444; baseline 0.003 -21"><span class='ocrx_word' id='word_1_303' title='bbox 513 4371 545 4405; x_wconf 90' lang='lat'>**</span> <span class='ocrx_word' id='word_1_304' title='bbox 562 4369 695 4425; x_wconf 89' lang='lat' dir='ltr'>Pluribus</span> <span class='ocrx_word' id='word_1_305' title='bbox 714 4373 813 4428; x_wconf 83' lang='lat' dir='ltr'>tamen</span> <span class='ocrx_word' id='word_1_306' title='bbox 832 4372 984 4426; x_wconf 87' lang='lat' dir='ltr'>cantilenis</span> <span class='ocrx_word' id='word_1_307' title='bbox 1003 4374 1148 4443; x_wconf 88' lang='lat' dir='ltr'>rumpitur</span> <span class='ocrx_word' id='word_1_308' title='bbox 1167 4374 1298 4444; x_wconf 79' lang='lat' dir='ltr'>[regula];</span> <span class='ocrx_word' id='word_1_309' title='bbox 1322 4374 1445 4430; x_wconf 88' lang='lat' dir='ltr'>circulus</span> <span class='ocrx_word' id='word_1_310' title='bbox 1469 4377 1498 4429; x_wconf 86' lang='lat' dir='ltr'>et</span> <span class='ocrx_word' id='word_1_311' title='bbox 1515 4373 1604 4428; x_wconf 86' lang='lat' dir='ltr'>etiam</span> <span class='ocrx_word' id='word_1_312' title='bbox 1623 4373 1696 4426; x_wconf 84' lang='lat' dir='ltr'>duae</span> 
     </span>
     <span class='ocr_line' id='line_1_36' title="bbox 426 4455 1696 4530; baseline 0.003 -22"><span class='ocrx_word' id='word_1_313' title='bbox 426 4455 507 4524; x_wconf 89' lang='lat' dir='ltr'>ipsae</span> <span class='ocrx_word' id='word_1_314' title='bbox 526 4456 729 4512; x_wconf 85' lang='lat' dir='ltr'>semibrevium</span> <span class='ocrx_word' id='word_1_315' title='bbox 747 4474 855 4527; x_wconf 87' lang='lat' dir='ltr'>pausae</span> <span class='ocrx_word' id='word_1_316' title='bbox 873 4476 925 4528; x_wconf 90' lang='lat' dir='ltr'>pro</span> <span class='ocrx_word' id='word_1_317' title='bbox 945 4459 1027 4528; x_wconf 85' lang='lat' dir='ltr'>signo</span> <span class='ocrx_word' id='word_1_318' title='bbox 1046 4461 1185 4530; x_wconf 88' lang='lat' dir='ltr'>temporis</span> <span class='ocrx_word' id='word_1_319' title='bbox 1204 4461 1328 4530; x_wconf 83' lang='lat' dir='ltr'>perfecti</span> <span class='ocrx_word' id='word_1_320' title='bbox 1347 4464 1377 4516; x_wconf 88' lang='lat' dir='ltr'>et</span> <span class='ocrx_word' id='word_1_321' title='bbox 1399 4460 1613 4515; x_wconf 85' lang='lat' dir='ltr'>rationabiliter</span> <span class='ocrx_word' id='word_1_322' title='bbox 1633 4458 1696 4514; x_wconf 87' lang='lat' dir='ltr'>fieri</span> 
     </span>
     <span class='ocr_line' id='line_1_37' title="bbox 425 4542 1695 4618; baseline 0.003 -23"><span class='ocrx_word' id='word_1_323' title='bbox 425 4545 549 4610; x_wconf 87' lang='lat' dir='ltr'>possunt</span> <span class='ocrx_word' id='word_1_324' title='bbox 561 4542 660 4611; x_wconf 89' lang='lat' dir='ltr'>sicque</span> <span class='ocrx_word' id='word_1_325' title='bbox 673 4543 762 4598; x_wconf 88' lang='lat' dir='ltr'>etiam</span> <span class='ocrx_word' id='word_1_326' title='bbox 775 4543 848 4598; x_wconf 89' lang='lat' dir='ltr'>duae</span> <span class='ocrx_word' id='word_1_327' title='bbox 860 4562 969 4614; x_wconf 88' lang='lat' dir='ltr'>pausae</span> <span class='ocrx_word' id='word_1_328' title='bbox 981 4545 1164 4600; x_wconf 87' lang='lat' dir='ltr'>minimarum</span> <span class='ocrx_word' id='word_1_329' title='bbox 1184 4547 1337 4618; x_wconf 82' lang='lat' dir='ltr'>contiguae</span> <span class='ocrx_word' id='word_1_330' title='bbox 1351 4550 1382 4602; x_wconf 89' lang='lat' dir='ltr'>et</span> <span class='ocrx_word' id='word_1_331' title='bbox 1396 4550 1521 4617; x_wconf 89' lang='lat' dir='ltr'>punctus</span> <span class='ocrx_word' id='word_1_332' title='bbox 1539 4547 1571 4601; x_wconf 87' lang='lat' dir='ltr'>in</span> <span class='ocrx_word' id='word_1_333' title='bbox 1589 4544 1695 4600; x_wconf 88' lang='lat' dir='ltr'>circulo</span> 
     </span>
     <span class='ocr_line' id='line_1_38' title="bbox 426 4627 1488 4704; baseline 0.005 -23"><span class='ocrx_word' id='word_1_334' title='bbox 426 4627 472 4682; x_wconf 88' lang='lat' dir='ltr'>vel</span> <span class='ocrx_word' id='word_1_335' title='bbox 491 4627 672 4683; x_wconf 89' lang='lat' dir='ltr'>semicirculo</span> <span class='ocrx_word' id='word_1_336' title='bbox 689 4632 838 4699; x_wconf 89' lang='lat' dir='ltr'>ponuntur</span> <span class='ocrx_word' id='word_1_337' title='bbox 856 4629 942 4684; x_wconf 88' lang='lat' dir='ltr'>simul</span> <span class='ocrx_word' id='word_1_338' title='bbox 960 4630 991 4685; x_wconf 92' lang='lat' dir='ltr'>in</span> <span class='ocrx_word' id='word_1_339' title='bbox 1009 4632 1171 4700; x_wconf 87' lang='lat' dir='ltr'>prolatione</span> <span class='ocrx_word' id='word_1_340' title='bbox 1190 4633 1320 4703; x_wconf 86' lang='lat' dir='ltr'>perfecta</span> <span class='ocrx_word' id='word_1_341' title='bbox 1338 4633 1488 4704; x_wconf 88' lang='lat' dir='ltr'>disposita.</span> 
     </span>
    </p>
   </div>
   <div class='ocr_carea' id='block_1_12' title="bbox 0 0 1872 5572">
    <p class='ocr_par' dir='ltr' id='par_1_17' title="bbox 0 0 1872 5572">
     <span class='ocr_line' id='line_1_39' title="bbox 0 0 1872 5572; baseline 0 0"><span class='ocrx_word' id='word_1_342' title='bbox 0 0 1872 5572; x_wconf 95' lang='lat' dir='ltr'> </span> 
     </span>
    </p>
   </div>
  </div>
 </body>
</html>
