3742 5528
930 347 1145 422 ὰ,34-

413 525 611 616 distaverint,
636 530 841 616 dicemusque
856 534 888 597 la
901 533 957 615 sot,
973 534 1019 596 sot
1033 534 1064 598 lu
1082 531 1338 615 habebimusque
1354 531 1447 612 duas3
1471 529 1586 596 deinde
1602 551 1675 595 oum

408 641 457 704 siai
486 641 610 706 scilicet
639 642 670 705 lo
688 642 744 722 mi,
774 641 823 704 mc‘
840 641 872 704 lo
899 645 931 704 et
961 645 1055 706 erunt
1086 645 1237 725 quatuor;
1268 645 1303 705 at
1334 663 1406 710 cum
1436 662 1479 724 rc,
1512 640 1587 725 quia
1615 661 1675 724 per

409 749 559 833 diapente
583 750 817 835 coniungendo,
845 749 963 814 iterum
986 749 1079 815 binas
1105 749 1241 814 facimus
1268 750 1415 835 per-(pag.
1433 748 1673 834 artmutationes

409 858 533 923 scilicet
555 861 587 922 lo
600 880 644 942 rc,
666 880 701 924 rc
715 861 755 922 la.
793 858 842 922 Ex
856 860 895 922 Iu
916 858 1017 944 igitur
1033 880 1089 923 sex
1104 858 1273 942 provenire
1289 881 1354 924 non
1370 858 1563 924 dubitamus.
1603 857 1675 934 Qua

411 967 543 1032 dimissa
564 968 611 1031 sol
632 967 777 1051 capiatur
800 971 833 1031 et
854 966 932 1031 fient
956 968 1069 1033 eodem
1092 967 1188 1032 modo
1211 989 1267 1032 sex
1290 967 1415 1032 scilicet
1436 967 1483 1030 sol
1496 966 1543 1050 fa,
1567 967 1604 1050 fu
1617 967 1671 1048 sol,

410 1075 459 1139 sot
472 1097 518 1158 rc,
548 1097 582 1140 rc
596 1077 655 1158 sol,
679 1077 726 1141 sot
746 1080 792 1158 ut,
815 1081 856 1140 ut
874 1077 928 1140 sol.
979 1075 1031 1140 La
1051 1078 1159 1161 solque
1188 1074 1329 1140 dimissis
1351 1074 1388 1160 fo
1410 1076 1563 1160 capiatur,
1593 1096 1673 1158 quae

411 1182 515 1248 solum
537 1205 610 1249 cum
632 1203 710 1249 voce
733 1183 884 1270 adiungi
906 1184 1036 1269 poterit,
1061 1189 1217 1270 eruntque
1240 1183 1491 1269 quatuordecim.
1541 1182 1607 1248 Sed
1625 1183 1674 1246 oei

409 1314 481 1358 cum
503 1314 537 1356 re
560 1297 592 1357 et
614 1314 648 1358 rc
671 1315 742 1359 cum
764 1299 804 1357 ut
824 1293 1017 1358 combinatis
1034 1299 1171 1378 quatuor
1195 1293 1349 1359 efficiunt.
1387 1291 1579 1376 Ubicunque
1596 1313 1673 1378 ergo

409 1421 466 1465 sex
492 1421 587 1467 voces
614 1401 831 1485 reperiuntur,
864 1402 975 1467 decem
1004 1406 1078 1467 octo
1104 1402 1174 1466 fieri
1208 1401 1404 1467 mutationes
1432 1400 1589 1465 videntur.
1634 1400 1673 1463 In

408 1509 530 1592 esu-ut
549 1509 657 1596 igitur,
682 1509 834 1594 quoniam
857 1510 965 1576 deficit
987 1513 1027 1594 lo,
1052 1511 1221 1577 duodecim
1245 1515 1346 1594 erunt,
1370 1509 1405 1575 in
1427 1510 1509 1573 boni
1530 1531 1587 1574 sex
1601 1513 1672 1573 tan-

408 1621 486 1701 tum,
511 1618 568 1682 sed
593 1623 730 1702 quatuor
751 1618 785 1684 in
808 1640 885 1683 ure.
935 1618 973 1684 In
989 1618 1052 1684 sut
1073 1621 1150 1684 duas
1174 1624 1301 1684 tantum
1322 1618 1472 1698 habebis3
1498 1618 1672 1702 eodemque

408 1727 504 1792 modo
533 1712 604 1810 bfo
625 1717 641 1806 b
659 1727 708 1790 aad
735 1727 874 1791 secundo
905 1727 988 1792 sicut
1014 1728 1142 1812 afuat
1168 1733 1199 1793 et
1226 1731 1292 1793 cla
1314 1730 1397 1793 sicut
1425 1727 1493 1792 sut.
1555 1725 1609 1791 Sic
1641 1729 1674 1790 et

409 1839 516 1899 cetera
538 1834 632 1919 signa
654 1834 706 1899 vel
727 1836 798 1900 loca
820 1836 906 1900 inter
926 1837 991 1900 ista
1013 1841 1173 1902 contenta.

798 2124 1043 2223 Capitulum
1076 2141 1284 2223 quintum.

450 2324 668 2422 ‚Reprobans
697 2328 823 2422 aliqua
849 2329 1106 2423 praecedentis
1134 2338 1171 2401 et
1197 2337 1340 2400 rectum
1368 2330 1520 2399 modum
1548 2329 1635 2398 con'-

787 2485 998 2556 iunctarum
1027 2487 1293 2557 demonstrans,

410 2650 659 2788 DISPOSITA
691 2651 757 2715 iam
790 2675 888 2717 manu
917 2653 1062 2737 perfecta
1093 2659 1125 2719 et
1154 2676 1277 2737 eorum,
1314 2676 1395 2738 quae
1430 2654 1470 2718 ad
1503 2651 1571 2718 eius
1601 2675 1674 2737 per-

475 2760 650 2825 fectionem
666 2761 882 2848 requiruntur,
906 2762 1011 2827 forma
1025 2763 1225 2848 praescripta
1241 2783 1337 2845 super
1360 2767 1434 2827 sunt
1456 2762 1550 2827 nobis
1567 2761 1674 2846 aliqua

378 2917 380 2922 -
411 2869 561 2935 subtilius
589 2869 827 2955 investiganda,
859 2872 1020 2955 quoniam,
1051 2872 1112 2936 etsi
1143 2872 1263 2936 dictum
1297 2869 1340 2935 sit
1367 2895 1385 2934 a
1411 2873 1545 2935 ascl-re
1573 2892 1673 2954 usque

409 2979 588 3042 abacia
610 2979 749 3044 secundo
778 3001 833 3043 sex
855 3001 950 3044 voces
975 3002 1044 3045 esse
1068 2980 1101 3043 in
1129 2980 1274 3064 quolibet
1300 2979 1372 3044 loco
1400 2984 1545 3063 repertas
1577 2983 1609 3044 et
1636 3001 1675 3042 ex

409 3079 482 3151 illis
508 3107 634 3171 quoque
670 3109 725 3150 sex
755 3088 887 3152 vocibus
917 3088 1027 3152 decem
1063 3093 1095 3153 et
1128 3092 1201 3153 octo
1230 3088 1425 3152 mutationes
1460 3088 1598 3166 causari,
1635 3088 1673 3150 de

409 3192 542 3259 vocibus
566 3194 693 3279 quidem
718 3217 829 3260 verum
854 3201 910 3279 est,
936 3198 993 3260 sed
1017 3197 1307 3262 demutationibus
1329 3197 1471 3262 minime.
1510 3197 1560 3260 Ad
1584 3195 1674 3260 cuius

411 3303 604 3367 evidentiam
635 3304 824 3387 disponatur
848 3303 951 3390 figura
983 3327 1055 3369 cum
1078 3306 1210 3369 vocibus
1234 3304 1423 3370 Gnidonis
1448 3329 1466 3368 a
1490 3304 1552 3368 fut
1572 3325 1672 3388 usque

409 3412 479 3493 clei,
505 3433 586 3495 quae
610 3411 734 3476 dicetur
754 3413 832 3478 ordo
848 3412 1004 3477 naturalis
1029 3435 1067 3477 ex
1091 3435 1138 3497 e0,
1164 3413 1249 3497 quod
1269 3436 1364 3478 voces
1387 3413 1578 3478 naturaliter
1601 3416 1674 3476 sunt

411 3517 595 3604 dispositae,
620 3521 703 3586 sicut
720 3544 758 3585 ex
773 3521 984 3588 monochordi
1001 3521 1159 3607 regularis
1175 3523 1388 3606 proveniunt1
1405 3522 1571 3587 divisione.
1610 3522 1674 3586 sed

409 3625 489 3692 haec
513 3629 625 3692 eadem
647 3628 751 3715 figura
774 3629 921 3695 adlatus
946 3629 1013 3695 eius
1037 3630 1202 3694 sinistrum
1225 3635 1303 3696 tono
1325 3631 1454 3695 intensa
1477 3630 1673 3714 disponatur,

410 3735 456 3800 sic
487 3741 519 3801 et
548 3737 588 3800 ad
617 3737 764 3802 dextrum
789 3761 848 3822 per
879 3740 1015 3804 cundem
1046 3744 1160 3805 tonum
1186 3740 1329 3805 remissa.
1381 3737 1431 3803 Ex
1460 3739 1520 3802 hac
1552 3738 1673 3824 figurae

410 3844 620 3930 dispositione
640 3846 840 3931 reperiemus
856 3847 1035 3932 quemlibet
1050 3852 1163 3913 tonum
1180 3848 1299 3913 ordinis
1315 3847 1471 3912 naturalis
1488 3848 1529 3911 ab
1552 3845 1675 3911 altero2

410 3954 655 4018 accidentalium
680 3977 750 4020 esse
767 3956 933 4042 divisum³‚
958 3980 1021 4042 qua
1037 3958 1194 4024 divisione
1218 3979 1312 4022 omne
1335 3957 1584 4021 instrumentum
1600 3977 1673 4038 per-

408 4062 529 4127 fectum
553 4063 691 4128 divisum
708 4086 777 4130 esse
802 4066 906 4131 debet.
947 4066 1094 4151 Namque
1112 4068 1152 4130 ab
1175 4087 1244 4129 ore
1265 4065 1299 4129 in
1322 4065 1405 4128 brai
1425 4069 1521 4130 tonus
1544 4067 1675 4127 natura·

409 4171 484 4235 liter
508 4176 565 4256 est,
590 4173 664 4257 quia
684 4195 719 4238 rc
733 4175 789 4240 mi.
829 4174 894 4240 Sed
918 4197 990 4239 cum
1014 4198 1053 4239 cx
1075 4174 1186 4239 ordine
1209 4173 1399 4238 accidentali
1422 4177 1499 4238 tono
1520 4173 1675 4237 remisso4

499 4423 508 4458 ¹
546 4422 674 4475 noverit!

499 4437 628 4563 11111111.
656 4507 812 4564 Vielleicht
829 4510 870 4565 ist
888 4511 963 4565 anch
981 4529 1015 4566 zu
1034 4512 1119 4566 altaro
1138 4511 1188 4565 das
1201 4509 1285 4564 Wort
1300 4525 1359 4564 coco
1378 4507 1442 4564 dem
1456 4508 1543 4564 Sinna
1556 4507 1630 4562 nach
1643 4523 1676 4561 zu

411 4597 559 4664 ergdnzen.
1622 4609 1624 4614 ·

495 4683 507 4721 ³
525 4682 589 4752 Vgl.
609 4683 728 4739 Pietro
747 4684 851 4754 Aron,
872 4683 1022 4740 lauidorc'o
1040 4687 1066 4740 ll
1084 4685 1215 4742 sotios.
1372 4686 1383 4724 ⁴
1401 4683 1527 4740 remissa.
