3742 5528
701 278 958 394 -31-¹

176 501 239 584 mc',
256 501 303 586 su,
325 502 380 584 sol,
403 503 445 584 la,
469 524 488 566 a
510 523 575 586 quo
597 523 699 586 usque
721 523 743 565 o
757 503 902 594 wamma
924 502 1100 571 secundum
1121 501 1156 568 in
1171 502 1324 572 omnime
1343 502 1445 588 signis

177 609 233 686 vel·
257 608 338 674 locis
366 631 422 674 sex
448 610 528 680 istas
556 631 652 676 voces
679 610 887 694 reperiemus.
937 610 1017 676 Post
1043 631 1064 674 o
1089 611 1233 676 tr-mdre
1259 610 1445 693 resolvitur3

179 739 255 800 nam
281 718 316 785 id
338 718 425 802 quod
446 718 536 802 prius
558 717 688 803 incepit,
717 718 806 802 prius
834 718 960 788 desinit.
1006 716 1049 784 Et
1076 719 1124 783 ita
1149 719 1347 785 insecundo
1371 719 1447 803 tfu

178 819 262 907 imi
285 829 378 890 erunt
397 846 441 910 re,
464 827 521 910 mc',
544 827 590 909 fa,
613 828 669 908 sol,
692 828 732 908 la,
756 827 791 890 in
813 847 830 890 c
850 827 950 910 sol-fa
970 827 1026 908 mc‘,
1049 826 1096 911 fc,
1120 828 1174 910 sol,
1198 829 1239 910 la,
1261 827 1296 891 in
1318 829 1446 892 carol

97 933 100 938 ’
179 933 226 1016 fu,
249 935 303 1017 sol,
327 935 359 998 lo
383 933 471 999 etin
493 936 541 998 elo
562 937 616 1017 eol,
640 935 680 1016 la,
703 938 898 1018 postquam
921 938 1045 1018 ponunt
1067 934 1164 999 eliam
1187 956 1299 1000 vocem
1322 935 1447 1000 scilicet

179 1041 219 1123 lo,
246 1062 327 1125 quae
351 1041 450 1106 distat
471 1062 530 1126 per
544 1045 657 1106 tonum
680 1041 721 1106 ab
735 1042 808 1123 ista,
833 1041 986 1125 quoniam
1001 1041 1162 1126 dependet
1184 1043 1225 1108 ab
1240 1042 1355 1108 ultima
1371 1064 1447 1108 con-

181 1148 371 1213 iuncturum.
417 1148 460 1214 Et
483 1150 529 1228 sic
545 1153 639 1213 erunt
652 1149 716 1213 loci
731 1147 848 1235 viginti
863 1150 936 1227 duo,
959 1149 1098 1233 ideoque
1114 1154 1188 1234 post
1203 1149 1447 1214 coniunctorum

182 1256 382 1323 additionem
396 1278 510 1321 manus
525 1256 670 1340 perfecta
686 1256 812 1339 dicitur,
838 1256 991 1340 quoniam
1004 1260 1075 1323 tota
1093 1278 1152 1341 per.
1167 1257 1339 1324 semitonia
1361 1262 1448 1322 recte

183 1364 285 1431 divisa
314 1368 370 1429 est.
417 1363 484 1449 Ipsi
513 1368 621 1429 autem
645 1364 756 1429 dicunt
776 1365 963 1449 perfectam,
996 1367 1148 1449 qnoniam
1171 1366 1269 1430 trium
1293 1366 1447 1452 diapason

181 1475 230 1536 est
263 1472 471 1538 continentia.
531 1474 569 1537 In
603 1472 744 1538 ternario
778 1474 863 1538 enim
901 1472 1041 1538 maxime
1073 1471 1230 1558 perfectio
1265 1474 1445 1552 denotatur,

181 1580 332 1664 quoniam
354 1585 460 1646 totum
483 1580 617 1665 aequale
647 1585 695 1646 est
724 1581 791 1646 suis
813 1582 960 1665 partibus
984 1581 1090 1666 quotis
1121 1585 1154 1646 et
1176 1581 1329 1666 aliquotis
1352 1581 1449 1646 simul

182 1689 318 1772 sumptis
344 1710 404 1753 nec
431 1688 548 1773 aliquis
576 1689 658 1754 alius
681 1712 833 1756 numerus
864 1689 948 1755 hanc
975 1690 1039 1756 sibi
1067 1690 1260 1777 dignitatem
1286 1690 1445 1757 vendicat.

183 1794 248 1861 Sed
271 1819 310 1861 ex
331 1798 423 1880 parte
446 1797 529 1863 bene
553 1798 672 1876 dicunt,
700 1799 734 1862 in
757 1797 819 1863 hoc
842 1798 974 1881 scilicet,
1006 1799 1092 1883 quod
1114 1798 1273 1864 ternarius
1295 1820 1447 1864 numerus

181 1903 344 1987 perfectus
373 1908 430 1970 est.
477 1905 595 1969 Verum
622 1905 658 1969 in
684 1905 746 1970 hoc
775 1909 891 1987 errant,
921 1907 996 1989 quia
1023 1928 1139 1970 manus
1166 1906 1264 1970 trium
1293 1906 1448 1990 diapason

178 2032 244 2075 non
268 2016 326 2094 est,
350 2016 387 2077 ut
408 2011 505 2096 paulo
528 2017 603 2097 post
626 2013 840 2077 ostendemus.

265 2119 314 2183 Ex
341 2118 393 2182 his
422 2123 539 2202 autem,
569 2142 651 2204 quae
682 2120 767 2185 diota
795 2125 878 2203 sunt,
908 2121 1046 2187 lectores
1074 2122 1257 2206 excogitare
1284 2126 1446 2204 poterunt,

183 2227 344 2310 quomodo
369 2249 407 2290 ex
424 2226 615 2294 Guidonis
638 2228 784 2294 doctrina
806 2228 953 2293 confusio
976 2229 1110 2294 suborta
1133 2240 1206 2307 [pag.
1221 2239 1266 2302 25)
1284 2233 1340 2293 est.
1373 2230 1447 2313 Ipse

184 2335 270 2404 enim
293 2333 519 2418 consideravit,
545 2336 629 2420 quod
652 2357 788 2419 semper,
815 2335 1009 2420 ubicumque
1032 2335 1239 2401 semitonium
1263 2340 1349 2401 esset
1374 2357 1449 2420 pro-

182 2442 405 2525 nuntiandum,
422 2444 471 2507 mi
486 2447 519 2508 et
532 2444 571 2527 fo
586 2447 733 2508 cantores
748 2443 893 2528 proferre
910 2444 1074 2512 deberent.
1110 2443 1247 2527 Propter
1261 2443 1323 2509 hoc
1340 2449 1448 2509 autem

183 2549 326 2618 crebrius
348 2549 554 2616 hexaohorde
576 2552 610 2614 in
632 2550 846 2618 tetrachordis
869 2556 936 2622 tam
959 2551 1139 2617 coniunctis
1163 2574 1258 2636 quam
1283 2551 1449 2618 disiunctis

180 2658 309 2743 locavit,
337 2665 469 2745 propter
492 2660 577 2745 quod
600 2659 693 2725 binas
716 2681 811 2724 voces
836 2663 868 2724 et
890 2665 998 2724 ternas
1020 2660 1054 2725 in
1077 2681 1142 2726 uno
1167 2660 1343 2744 eodemque
1365 2659 1446 2743 loce,

181 2771 337 2851 utsupra
359 2773 572 2833 monstratum
598 2772 655 2850 est,
681 2768 720 2832 de
742 2768 936 2832 necessitate
960 2766 1140 2834 collocavit.
1187 2767 1254 2832 Nos
1278 2772 1386 2833 autem
1410 2768 1448 2832 de

181 2875 375 2938 necessitate
406 2876 535 2941 easdem
565 2897 621 2940 sex
650 2875 685 2939 in
712 2875 792 2940 locis
820 2874 994 2959 praedictis
1024 2875 1174 2958 componi
1204 2875 1306 2959 ipsius
1336 2876 1449 2941 habito

182 2980 393 3048 fundamento
416 2981 644 3050 mathematice
674 2983 972 3048 demonstravimus.
1019 2981 1084 3048 Sed
1113 2983 1152 3048 de
1181 3005 1296 3048 vocum
1323 2984 1357 3048 in
1384 3006 1449 3049 nno

184 3088 258 3154 loco
289 3089 476 3155 confusione
515 3091 553 3156 de
589 3088 779 3156 Guidonis
818 3095 886 3155 arte
924 3090 1136 3174 proveniente
1171 3090 1249 3154 satis
1282 3090 1447 3156 hactenns.

91 3257 94 3262 .
182 3195 344 3281 Deinceps
368 3200 476 3262 autern
499 3220 581 3281 quae
603 3198 747 3282 ipsarum
769 3198 981 3281 proferendae
1005 3198 1078 3278 sint,
1107 3219 1288 3283 quaerero
1311 3199 1449 3263 reticen-

183 3303 252 3386 dae,
277 3305 362 3389 quod
386 3302 454 3370 eius
471 3325 626 3389 sequaces
641 3305 837 3372 mutationes
861 3305 1035 3390 appellant,
1061 3306 1211 3371 subtilius
1228 3305 1446 3372 discutiemus.

573 3609 818 3690 capitulum
846 3613 1060 3691 quartum.

549 3779 607 3849 De
635 3803 768 3850 vocum
796 3780 1079 3872 permutatione.

187 3938 421 4074 SUPEREST
432 3941 526 4007 nobis
538 3946 629 4006 tanta
640 3962 756 4005 vocum
768 3942 898 4027 cognita
909 3942 1097 4024 variatione,
1115 3943 1156 4006 ad
1168 3942 1242 4026 quid
1254 3943 1289 4006 in
1304 3965 1368 4008 uno
1380 3942 1451 4010 loco

239 4045 304 4120 sint
326 4047 511 4128 collocatae,
532 4049 704 4116 subtiliter
733 4048 900 4130 disserere,
929 4053 1037 4136 utrum
1065 4049 1188 4114 scilicet
1215 4071 1327 4114 omnes
1354 4049 1451 4114 simul

184 4154 394 4237 pronuntiare
418 4162 473 4221 aut
495 4179 591 4225 unam
619 4158 683 4222 alia
709 4158 743 4222 in
771 4158 884 4222 eodem
911 4156 983 4222 loco
1008 4157 1140 4222 dimissa
1166 4157 1341 4223 debeamus
1369 4158 1451 4222 acci-

184 4283 270 4345 pere.
322 4261 416 4328 Oirca
442 4265 528 4348 quod
556 4266 789 4330 advertendum
819 4271 868 4331 est
895 4270 962 4331 tres
990 4264 1120 4330 illarum
1148 4265 1358 4331 ascendentes
1388 4266 1451 4331 dici

185 4369 309 4435 scilicet
331 4375 377 4453 ut,
400 4392 443 4453 re,
466 4372 522 4453 mi,
547 4376 613 4436 tres
628 4395 704 4438 vero
723 4373 955 4439 descendentes
979 4374 1103 4438 scilicet
1124 4373 1170 4458 sa,
1193 4375 1248 4455 sol,
1271 4374 1320 4438 la..
1357 4373 1450 4438 Unde

187 4476 380 4543 Guidonis
406 4500 559 4562 sequaces
583 4480 704 4544 dicunt:
734 4486 782 4563 ut,
805 4473 847 4558 re,
871 4483 920 4544 mc'
941 4482 1108 4564 scandunt,
1131 4482 1177 4564 fo,
1201 4482 1265 4564 eol„
1279 4473 1373 4566 laque
1397 4482 1452 4545 de·

185 4586 351 4651 scendunt.
397 4586 534 4651 Etcum
558 4592 669 4652 cantus
692 4589 726 4652 in
750 4589 851 4654 altum
875 4589 1029 4673 ascendit,
1052 4610 1111 4673 pro
1135 4589 1349 4654 descendente
1372 4611 1451 4655 voce
