3734 5572
945 316 1160 380 „gg-

501 489 567 554 Alii
587 493 738 556 ,verout
766 489 923 574 magister
950 497 1041 555 meus
1068 490 1259 555 lohannes
1287 491 1330 575 de
1357 490 1500 574 Monte,
1536 493 1591 576 qui
1623 491 1684 556 fuit

415 599 538 684 primus
557 598 616 684 qui
638 620 690 662 me
708 599 851 662 musices
875 601 946 680 (pag.
963 602 1007 681 ,71)
1031 598 1148 663 imbuit
1162 599 1364 680 rudimentis,
1388 600 1429 665 ad
1450 598 1535 664 latus
1558 601 1681 685 signum

415 729 528 790 unum,
557 711 594 771 ut
616 705 851 790 disposuimus„
873 705 1016 791 negabat
1043 727 1113 771 esse
1140 707 1325 790 ponendum
1352 712 1384 772 et
1411 711 1509 770 unum
1538 708 1597 772 sub
1622 707 1683 772 alio

416 840 615 934 concedebat
636 839 698 903 hoc
720 839 816 904 modo
843 818 998 945 ἓξὲξ
1027 839 1088 922 vel,
1113 841 1140 904 si
1155 839 1372 932 geometricae
1394 839 1516 926 figurae
1532 838 1685 905 Indorum

416 968 634 1060 caracteribus
650 969 855 1050 misceantur,
877 968 939 1033 hoc
962 969 1058 1034 modo
1084 957 1151 1064 {lg
1172 957 1255 1064 (gg,
1280 969 1307 1033 it
1349 973 1458 1034 tamen
1481 973 1517 1032 ut
1539 971 1684 1053 superius

416 1075 545 1185 signum
570 1093 708 1164 istorum
737 1098 849 1159 teneat
877 1095 980 1159 vicem
1010 1095 1127 1177 prioris
1159 1095 1295 1160 aliorum
1323 1094 1529 1178 antiquorum
1559 1093 1684 1157 ratione

415 1203 631 1284 fundati¹*.]
659 1203 743 1286 Nam
777 1202 805 1266 si
840 1201 903 1286 ipsi
941 1203 1116 1286 disp'onunt
1146 1208 1273 1286 tempus
1307 1211 1379 1267 cum
1412 1202 1593 1287 prolatione
1620 1201 1685 1278 =hoc

416 1309 659 1410 modo—{Q2
696 1305 768 1386 cum
801 1319 883 1384 nihil
912 1319 1000 1386 aliud
1034 1320 1076 1383 sit
1110 1317 1133 1388 5
1167 1341 1263 1405 quam
1298 1336 1326 1390 Ο
1363 1341 1424 1384 nec
1459 1325 1495 1390 ς’
1517 1340 1620 1402 1ᾳιιωῃ
1652 1316 1684 1400 2,

416 1435 609 1501 rationabile
642 1436 782 1520 videtur,
812 1440 857 1500 ut.
875 1436 1025 1501 similiter
1055 1437 1093 1500 de
1121 1437 1217 1501 modo
1248 1458 1320 1500 cum
1347 1439 1492 1519 tempore
1520 1435 1685 1500 faciamus

416 1527 558 1629 Tempus
573 1541 651 1609 vero
668 1566 740 1618 cum
756 1544 947 1628 prolatione,
973 1545 1058 1628 quod
1074 1543 1212 1607 diximus
1229 1545 1275 1610 sic
1289 1543 1493 1629 figurandum
1515 1559 1543 1614 Θ
1559 1557 1584 1616 Ε
1602 1557 1629 1614 O
1645 1557 1683 1622 C,

417 1653 546 1718 dicebat
562 1652 607 1716 sic
624 1674 694 1716 esse
710 1652 895 1734 ponendum
910 1659 992 1730 Θρξ
1004 1659 1094 1731 QG,
1120 1651 1272 1734 quoniam
1280 1655 1363 1732 ‚runc
1379 1655 1466 1715 recte
1489 1655 1687 1716 monstratur

416 1759 556 1843 prolatio
586 1761 672 1823 intra
701 1763 830 1842 tempus
860 1758 999 1838 reclusa;
1035 1759 1192 1843 perfectio
1223 1764 1255 1823 et
1284 1759 1487 1842 imperfectio
1519 1760 1687 1842 utriusque

417 1866 545 1932 clariori
568 1867 665 1930 modo
688 1867 902 1952 cognoscitur.
948 1867 1016 1933 Nos
1043 1889 1120 1932 vero
1148 1868 1285 1932 diximus
1313 1867 1364 1932 illi
1389 1869 1529 1952 primum
1556 1868 1687 1933 modum

419 1995 488 2038 esse
512 1973 723 2039 subtiliorem.
836 2061 838 2064 Ι
925 2061 926 2066 ¹
976 2061 977 2064 Ἴ

503 2082 644 2147 Fundati
660 2083 745 2147 enim
760 2083 795 2146 in
810 2082 872 2148 hoc
887 2105 1146 2168 unamquamque
1162 2083 1308 2148 notulam
1327 2072 1461 2148 duarum
1484 2083 1688 2167 sequentium

417 2191 561 2256 valorem
576 2195 688 2256 tenere
703 2183 820 2256 natura
835 2181 1034 2277 geometrica
1046 2186 1328 2256 ¹demonstratione
1351 2191 1567 2274 probavimus.
1608 2189 1687 2255 Cum

417 2299 518 2384 igitur
533 2299 621 2364 aliud
636 2299 765 2384 signum
780 2320 846 2363 non
861 2299 1058 2382 reperiretur
1078 2299 1284 2381 contrarium,
1307 2303 1423 2363 natura
1446 2320 1504 2362 sua
1526 2299 1687 2362 canendus

420 2411 468 2472 est
491 2411 614 2488 cantus,
643 2406 767 2471 scilicet
788 2429 847 2490 per
868 2407 1029 2470 binarium
1051 2429 1229 2472 numerum.
1275 2407 1319 2471 At
1342 2429 1415 2470 curu
1437 2406 1490 2469 via
1519 2407 1597 2470 artis
1624 2410 1688 2469 ter-

417 2515 545 2579 narium
571 2513 721 2595 facimus,
754 2514 862 2598 aliquo
891 2515 984 2600 signo
1012 2515 1255 2599 perscribimus,
1282 2515 1340 2578 ita.
1356 2515 1455 2598 quod,
1489 2515 1550 2578 etsi
1576 2513 1688 2578 notula

420 2625 498 2688 duas
521 2621 801 2688 tantum'valebat
827 2627 955 2705 natura,
980 2644 1039 2706 per
1065 2628 1168 2688 artem
1195 2623 1329 2688 facimus
1359 2629 1435 2688 tres.
1483 2622 1564 2686 Cum
1588 2623 1688 2708 igitur

420 2730 556 2794 alterum
586 2731 722 2795 istorum
748 2745 819 2802 OC
850 2731 1000 2814 ponimus
1029 2731 1170 2817 signum,
1199 2731 1352 2814 prolatio,
1382 2732 1534 2814 quoniam
1561 2730 1689 2815 signum

420 2838 488 2901 eius
511 2844 576 2903 nou
605 2843 662 2921 est,
693 2839 884 2922 imperfecta
911 2839 1079 2903 iudicatur.
1128 2837 1208 2904 Cum
1235 2860 1311 2902 vero
1341 2838 1470 2923 signum
1495 2839 1582 2903 idest
1607 2860 1690 2920 pun-

419 2949 507 3009 ctum
528 2945 562 3008 in
586 2946 693 3010 medio
716 2946 828 3010 circuli
852 2950 907 3010 aut
930 2945 1123 3011 semicirculi
1146 2945 1285 3028 ponitur,
1310 2945 1469 3030 perfectio
1497 2945 1607 3010 circuli
1635 2947 1689 3009 de-

420 3053 568 3138 signatur
589 3055 780 3138 prolationis
803 3054 1037 3139 perfectionem
1060 3053 1303 3119 denotantis**.

430 3217 434 3222 .
506 3162 661 3248 Magister
683 3167 760 3228 iero
779 3165 970 3228 Robertus
987 3161 1171 3248 Anglicus
1193 3162 1426 3246 proprietatem
1448 3161 1632 3226 notularum
1654 3160 1688 3223 in

419 3271 600 3355 geometria
626 3269 780 3355 ignorans
808 3271 1004 3336 contrarium
1035 3269 1176 3352 dicebat,
1210 3269 1272 3334 hoc
1305 3274 1366 3335 est:
1402 3269 1530 3353 quando
1562 3269 1688 3354 signum

420 3378 579 3460 temporis
591 3399 656 3442 non
670 3378 840 3460 reperitur,
864 3377 1043 3462 perfectum
1060 3399 1130 3441 esse
1152 3380 1280 3461 tempus
1303 3377 1530 3441 arbitrabatur.
1569 3375 1688 3442 Omnes

420 3484 489 3550 fere
519 3489 631 3549 cantus
659 3486 760 3571 signis
795 3487 956 3551 carentes
972 3485 1056 3549 male
1094 3479 1289 3568 compositos
1323 3506 1392 3548 esse
1425 3484 1562 3549 dicebat.
1615 3484 1688 3566 lpse

422 3593 508 3656 enim
522 3592 642 3658 inscius
661 3593 824 3658 doctrinae
844 3598 946 3658 artem
968 3595 1191 3678 praeponebat
1211 3598 1355 3675 naturae,
1381 3594 1470 3657 cuius
1494 3591 1689 3658 contrarium

421 3699 630 3764 manifestum
647 3705 704 3783 est,
730 3700 805 3784 quia
821 3724 872 3765 ars
887 3703 1033 3767 imitatur
1056 3706 1205 3766 naturam
1227 3701 1261 3765 in
1284 3704 1578 3792 quantumpotest.
1616 3699 1689 3764 Non

421 3813 532 3892 tamen
555 3809 680 3890 dicitur,
706 3810 792 3892 quod
814 3813 929 3875 natura
953 3815 1055 3875 artem
1076 3809 1231 3892 imitetur,
1257 3831 1329 3874 cum
1352 3793 1448 3893 saepe
1472 3813 1576 3872 artem
1599 3808 1690 3871 aber-

422 3905 494 3980 rare
517 3917 672 3998 videmus,
696 3921 845 3981 naturam
868 3938 944 3982 vero
966 3940 1039 3983 raro
1063 3918 1116 3982 vel
1137 3938 1310 4000 nunquam.

509 4158 518 4194 1
537 4154 684 4210 fundatus.
915 4156 926 4192 2
952 4138 1051 4233 ἓξὲξ.
1087 4154 1152 4224 Vgl.
1172 4153 1270 4208 hierzu
1290 4153 1316 4207 S.
1329 4129 1371 4207 82.

508 4259 604 4313 *Imo
628 4258 708 4322 aliud
731 4262 776 4314 est
797 4258 898 4328 ziphra
920 4258 1032 4312 numeri
1055 4261 1085 4312 et
1107 4257 1188 4312 aliud
1212 4259 1258 4310 est
1282 4255 1406 4310 circulus
1429 4259 1458 4312 et
1482 4257 1691 4323 consequenter

423 4344 617 4400 diversimode¹
641 4345 841 4401 conducuntur
863 4346 894 4400 et
915 4344 1143 4399 considerantur.
1189 4341 1262 4396 Nam
1289 4341 1411 4396 circulus
1440 4345 1470 4396 ct
1496 4341 1689 4396 semicirculus

423 4433 537 4501 tempus
558 4433 758 4486 demonstrant
775 4432 936 4502 perfectum
955 4432 985 4485 et
1002 4430 1203 4500 imperfectum
1221 4431 1250 4483 et
1268 4427 1368 4498 aiphra
1386 4427 1506 4484 ternarii
1525 4428 1571 4483 vel
1586 4426 1691 4482 binarii

422 4523 468 4572 52
486 4533 637 4571 numerum
655 4517 933 4586 proportionabilem
949 4517 1027 4572 idest
1045 4518 1147 4585 aptum
1164 4516 1201 4569 ad
1218 4515 1343 4570 alterum
1360 4514 1468 4570 referri.

509 4603 542 4638 **
562 4603 616 4657 Hic
635 4607 714 4658 recte
733 4603 823 4658 sentit
842 4605 876 4658 de
896 4603 979 4672 signo
997 4601 1177 4681 prolationis.
