3734 5572
696 383 742 402 ,-
783 345 825 409 89
863 383 911 448 7.-

252 516 336 582 Aliis
359 521 468 581 autem
491 515 596 582 adhuc
617 517 720 602 ‘signis
736 516 916 602 perfeetum
939 519 1154 584 discernimus·
1173 521 1214 585 ab
1229 520 1419 605 imperfecto
1427 539 1438 602 ;,

165 625 324 710 utputasi
340 624 472 690 notulae
487 625 601 711 nigrae
617 625 703 692 inter
719 625 809 690 albas
824 625 859 690 in
874 626 983 711 aliquo
1000 631 1097 694 cantu
1112 628 1181 693 sine
1194 628 1350 694 socictate
1362 651 1438 713 pro·

164 735 286 818 pinqua
301 735 514 817 reperiantur,
531 735 660 819 signum
674 737 732 816 est,
751 735 836 817 quod
851 735 981 817 ponitur
995 734 1098 820 nigra,
1116 739 1152 799 ut
1167 735 1298 800 tertiam
1310 741 1435 820 partem

167 842 304 906 amittat.
328 841 404 906 Non
415 863 493 927 ergo
505 841 637 906 tertiam
650 845 777 925 partem
792 841 936 926 haberet,
949 841 1014 908 nisi
1029 846 1095 908 tres
1107 842 1239 908 valeret.
1264 843 1351 929 Ergo
1363 866 1437 908 cum

165 949 294 1015 notulas
306 949 486 1034 reperimus
500 948 610 1035 nigras
627 949 696 1014 sine
713 949 869 1016 societate
884 951 1074 1035 propinqua,
1090 950 1221 1015 illarum
1234 951 1374 1035 speciem
1390 953 1437 1016 di-

166 1057 267 1122 cimus
279 1078 349 1133 esse
359 1055 546 1141 perfectam.
564 1057 725 1122 Notanter
733 1061 843 1122 tamen
853 1058 923 1122 sine
932 1059 1087 1124 societate
1098 1058 1233 1124 dicimus
1245 1060 1435 1144 propinqua,
1454 1110 1457 1118 r

166 1170 237 1248 (pag.
256 1168 298 1248 72)
318 1165 500 1248 quoniam,
521 1165 550 1228 si
572 1164 700 1248 aliquae
723 1165 836 1250 nigrae
867 1187 938 1229 eam
965 1171 1152 1250 sequantur,
1184 1167 1230 1231 ita
1258 1168 1344 1252 quod
1368 1171 1436 1231 tres

164 1293 224 1357 pro
248 1259 371 1336 duabus
393 1275 568 1357 ponantur,
595 1294 661 1337 non
678 1272 769 1354 clare
797 1273 1015 1359 distinguitur.
1062 1274 1208 1358 Namque
1237 1279 1347 1358 potest
1374 1273 1437 1339 hoc

164 1379 199 1444 in
214 1383 351 1464 utroque
374 1381 519 1445 accidere
542 1403 676 1445 numero
699 1380 844 1464 perfecto
867 1381 991 1446 scilicet
1015 1385 1047 1446 et
1068 1380 1268 1464 imperfecto
1307 1383 1436 1446 Priores

165 1509 242 1553 vero
258 1488 372 1553 musici
388 1491 484 1572 atque
500 1493 649 1553 cantores
668 1488 797 1554 notulas
819 1489 939 1575 nigras,
963 1493 999 1554 ut
1019 1511 1079 1555 nos
1096 1490 1196 1574 albas,
1219 1490 1337 1554 rubeas
1359 1511 1435 1554 vero

165 1601 202 1660 ut
223 1618 283 1660 nos
305 1597 455 1681 ponimus
477 1597 597 1682 nigras,
622 1596 797 1682 depingere
822 1596 980 1662 solebant.
1021 1597 1192 1662 Ponebant
1215 1598 1312 1662 etiam
1335 1597 1435 1680 albas,

164 1703 250 1768 idest
276 1704 312 1768 in
338 1704 445 1770 medio
474 1726 605 1789 vacuas,
636 1709 674 1768 ut
699 1726 759 1768 nos
788 1703 937 1788 facimuS,
968 1705 1065 1770 modo
1095 1706 1222 1789 quando
1253 1705 1377 1771 scilicet
1402 1705 1436 1769 in

165 1816 316 1896 promptu
347 1812 484 1877 rubeum
521 1811 676 1895 colorem,
710 1815 747 1876 ut
782 1812 890 1895 placet
916 1812 1053 1898 Egidio
1088 1814 1131 1878 de
1159 1812 1336 1896 Marin01‚
1371 1836 1436 1878 non

165 1918 338 1985 habebant.
382 1919 571 2006 Ugolinus
595 1942 671 1984 vero
694 1921 758 1984 ista
779 1942 845 1984 non
867 1921 950 1985 benc
974 1925 1134 1985 scrutatus
1157 1922 1192 1985 in
1215 1922 1328 1987 eodem
1350 1921 1435 1986 melo

164 2029 275 2114 nigras
297 2028 478 2112 rubeasque
501 2027 631 2092 notulas
653 2027 763 2110 posuit
786 2032 818 2092 et
840 2049 966 2111 vacuas,
994 2028 1147 2111 quoniam
1170 2023 1339 2094 videbatur
1362 2030 1435 2112 sibi,

166 2136 201 2196 ut
222 2132 336 2218 nigrae
361 2135 469 2195 essent
490 2131 662 2214 perfectae,
693 2130 813 2196 rubeae
836 2153 912 2197 vero
936 2132 1155 2216 imperfectae,
1185 2155 1304 2198 vacuae
1328 2138 1436 2197 autem

166 2239 342 2303 diminutae
354 2242 375 2302 ².
422 2239 487 2303 Sed
511 2238 585 2320 hoc,
617 2238 692 2324 quia
718 2261 778 2303 nec
806 2239 847 2303 ab
871 2238 978 2323 aliquo
1002 2240 1066 2304 alio
1090 2239 1211 2305 factum
1234 2243 1435 2325 repperimus

164 2351 348 2430 umquam3,
374 2370 393 2409 a
414 2343 504 2411 nullo
528 2369 597 2411 esse
621 2345 762 2412 fiendum
786 2368 961 2412 censemus.

251 2452 325 2518 Alio
343 2453 440 2519 etiam
455 2455 551 2519 modo
572 2456 747 2520 secundum
770 2454 961 2542 magistrum
977 2455 1233 2520 Franconem⁴
1255 2456 1435 2540 perfectum

166 2562 392 2626 discernebant
404 2563 445 2627 ab
460 2561 651 2646 imperfecto
668 2562 866 2646 antiquiores
881 2568 1040 2646 ponentes
1056 2563 1180 2628 scilicet
1195 2586 1291 2648 supra
1307 2565 1435 2630 notulas

165 2668 306 2733 binarios
330 2670 356 2752 b,
381 2691 477 2753 supra
499 2670 658 2734 ternarias
681 2692 758 2735 vero
774 2675 806 2750 fi
832 2675 864 2735 et
887 2671 933 2735 sic
956 2671 1041 2735 clare
1064 2673 1295 2736 ostendebatur
1317 2672 1435 2738 valoris
1513 2747 1515 2751 ¹

164 2777 349 2842 notularum
373 2777 563 2842 differentia.
610 2777 675 2843 Sed
698 2800 770 2842 cum
793 2783 889 2843 notae
912 2779 1000 2843 modi
1021 2779 1204 2864 imperfecti
1227 2781 1266 2844 de
1289 2785 1435 2865 tempore

165 2883 366 2948 canebantur
387 2885 532 2968 perfecto
557 2890 589 2950 ct
610 2891 707 2951 notae
731 2885 818 2951 modi
840 2885 977 2969 perfecti
1001 2887 1039 2950 de
1062 2891 1207 2972 tempore
1233 2888 1435 2972 imperfecto,

164 2992 289 3076 priores
313 2992 525 3078 signabantur
548 2993 574 3076 b,
599 2993 725 3058 binaria
747 2994 872 3059 scilicet
895 2994 1071 3059 divisione⁶
1091 2994 1275 3076 inventae⁶;
1299 3018 1435 3080 sequen-

164 3104 214 3165 tes
248 3121 325 3164 vero
363 3099 585 3186 figurabantur
622 3101 741 3182 circulo
787 3101 971 3184 oppositum
1008 3101 1133 3166 scilicet
1173 3103 1435 3188 praecedentium

165 3209 349 3273 denotante.

253 3315 349 3382 Sicut.
365 3315 466 3402 igitur
495 3321 604 3381 errant
630 3339 689 3400 per
718 3315 892 3397 defectum,
925 3305 979 3400 qui
1007 3317 1076 3381 sine
1104 3317 1212 3400 aliquo
1240 3317 1333 3402 signo
1363 3339 1435 3400 pcr-

253 3506 262 3542 ¹
280 3501 532 3556 Wahrschcinlich
550 3502 697 3557 identisch
714 3503 768 3556 mit
787 3503 818 3557 E.
832 3504 867 3558 de
881 3503 994 3559 Murino
1013 3504 1061 3560 bei
1081 3504 1356 3571 Coussemaker,
1377 3504 1434 3558 Sor.

165 3589 212 3656 III,
231 3589 289 3641 124.
1356 3636 1358 3638 .

249 3675 262 3712 2
279 3675 343 3729 Von
357 3675 412 3728 den
424 3675 455 3729 in
473 3674 568 3742 Rom,
587 3675 661 3730 Bibl.
675 3675 871 3732 casanatense
887 3676 939 3730 Ma
951 3695 972 3730 c.
982 3676 1017 3729 II.
1027 3678 1047 3730 3
1058 3677 1148 3746 (2151)
1167 3677 1337 3746 erhaltenen
1350 3676 1434 3731 Kom-

165 3761 331 3836 positionen,
342 3759 490 3832 Ugolino's
505 3764 585 3830 trbgt
601 3761 653 3816 ccc·
663 3763 717 3816 solo
729 3781 747 3820 α
758 3763 786 3817 sc'
796 3781 881 3818 serrae
891 3763 1002 3820 masura
1014 3765 1088 3818 crede
1100 3781 1172 3833 gana
1186 3764 1235 3818 das
1249 3763 1434 3833 gezeichnete

166 3846 306 3917 Geprtge.
337 3847 440 3903 Leider
457 3848 497 3902 ist
516 3864 546 3902 es
565 3866 619 3901 nur
638 3847 669 3901 in
690 3849 741 3902 der
754 3847 946 3904 Oberstimme
967 3849 1098 3903 erhalten
1112 3849 1172 3914 und
1189 3849 1333 3904 hatstark
1347 3849 1436 3903 durch

167 3934 371 4004 Fenchtigkeit
390 3934 521 4004 gelitten.
578 3949 581 3952 ·
747 3979 750 3985 ,
987 3991 989 3994 ,
1263 3991 1267 4000 ,

253 4022 265 4059 3
282 4020 368 4075 Diese
381 4019 477 4075 Praxis
490 4021 581 4075 findet
594 4021 655 4074 sich
668 4039 716 4074 um
731 4021 776 4076 die
789 4020 901 4075 Wende
915 4021 964 4077 des
978 4019 1051 4074 XIV.
1064 4020 1274 4076 Jahrhunderts
1288 4021 1319 4075 in
1330 4021 1434 4076 Italian

165 4105 214 4160 bei
233 4106 391 4174 Zacharias,
415 4107 574 4176 Filipoctus
599 4107 634 4161 de
654 4107 780 4174 Caserta,
800 4107 948 4162 Corradus
967 4107 1001 4162 de
1021 4107 1138 4174 Pistoia,
1162 4107 1379 4162 Bartholomeus
1400 4107 1435 4160 de

76 4214 79 4220 ·
166 4192 297 4256 Bononia
315 4192 375 4245 und
393 4193 527 4247 anderen.

254 4281 267 4316 ⁴
284 4278 960 4348 FolgcndeLehrefindetsichnichtbeiFranco,
974 4281 1097 4335 sondern
1107 4281 1156 4336 bei
1169 4281 1364 4342 Marchetus
1379 4297 1435 4334 von

166 4365 265 4420 Padua
275 4364 305 4418 in
315 4364 588 4420 seinemPomcrc'urn
597 4367 720 4422 musicae
728 4373 902 4422 marmoratae
912 4367 1007 4432 (Gerb
1015 4371 1078 4434 ert,
1090 4367 1250 4436 Scriptores
1258 4368 1309 4430 III,
1318 4365 1434 4432 186bff.).

251 4454 263 4491 ⁵
281 4450 460 4506 divisionem.
972 4465 974 4468 ·
1193 4464 1196 4468 ·

251 4541 263 4578 6
281 4538 378 4592 Ramis
397 4539 555 4594 vermisoht
571 4540 635 4594 hier
654 4541 700 4595 die
718 4541 901 4596 italienische
915 4540 1140 4596 Divisionslehre
1156 4539 1213 4594 'mit
1232 4540 1288 4594 der¹
1300 4539 1435 4594 franzdsi·

166 4626 256 4679 schen
275 4623 556 4681 Taktzeiohenlehre.
